3022 5498
271 373 289 432 8
603 372 755 433 PLAVTI
785 373 1090 447 MOSTELLARIA.

270 560 408 650 Quando
430 560 484 623 hic
508 567 601 623 natus
624 577 683 625 est.
731 560 769 623 Ei
794 564 841 624 rei
864 571 1051 644 argumenta
1073 561 1190 624 dicam.

272 672 378 753 Atque
401 671 461 733 hoc
483 671 564 733 haud
588 672 716 734 videtur
737 674 807 734 veri
831 673 940 735 simile
962 673 1079 735 vobis?
1381 690 1420 732 10

271 781 315 844 At
342 800 401 864 ego
423 782 456 844 id
480 781 597 844 faciam
621 802 689 845 esse
713 785 761 845 ita
782 792 816 845 ut
839 782 986 846 credatis.

270 890 428 975 Profecto,
460 894 508 956 ita
537 912 607 956 esse
642 903 678 955 ut
708 895 858 977 praedico
887 910 973 978 vera,
1004 896 1154 958 vincam:
1190 903 1285 975 atque
1316 892 1375 954 hoc

400 1014 525 1068 vosmet
549 1007 625 1089 ipsi,

270 1111 355 1197 scio,
378 1115 512 1197 proinde
534 1117 582 1177 uti
606 1137 692 1180 nunc
714 1136 775 1199 ego
797 1136 865 1180 esse
889 1127 1030 1199 autum0,

270 1223 408 1311 Qando
428 1225 516 1289 dicta
538 1228 678 1290 audietis
699 1247 785 1313 mea,
806 1228 888 1290 haud
910 1229 1005 1291 aliter
1028 1227 1061 1290 id
1084 1226 1210 1290 dicetis.

271 1337 470 1422 Auscultate,
492 1348 681 1420 argumenta
702 1339 778 1402 dum
800 1339 874 1403 dico
896 1339 936 1402 ad
959 1339 1042 1401 hanc
1064 1334 1152 1401 rem:
1379 1351 1418 1418 15

268 1447 370 1512 Simul
393 1468 544 1531 gnarures
568 1470 625 1512 vos
650 1451 725 1514 volo
750 1471 819 1514 esse
843 1451 925 1513 hanc
949 1470 1016 1513 rem
1041 1469 1176 1512 mecum.

270 1559 376 1622 Aedes
397 1578 494 1641 quom
517 1561 680 1645 extemplo
704 1571 778 1624 sunt
803 1572 944 1646 paratae,
969 1561 1143 1644 expolitae,

270 1669 386 1732 Factae
410 1670 519 1755 probe,
543 1674 757 1735 examussim:

271 1780 419 1844 Laudant
448 1781 572 1844 fabrum
601 1793 696 1866 atque
726 1783 822 1847 aedes
851 1783 1009 1868 probant3
1043 1782 1106 1844 sibi
1137 1782 1269 1864 quisque
1299 1779 1375 1841 inde

401 1894 582 1977 exemplum
608 1903 771 1978 expetunt.

271 2001 337 2066 Sibi
352 2005 484 2086 quisque
499 2005 620 2088 simile,
640 2024 697 2068 suo
714 2025 812 2088 usque
833 2015 981 2089 sumptu3
1004 2023 1133 2088 operam
1154 2022 1220 2065 non
1242 2008 1376 2086 parcunt

403 2136 502 2180 suam.
1378 2131 1420 2179 20

275 2229 381 2311 Atque
405 2229 460 2291 ubi
485 2229 544 2293 illo
567 2231 720 2314 inmigrat
744 2250 879 2315 nequam
901 2233 997 2294 homo
1024 2229 1259 2312 indiligensque

310 2543 403 2581 10-12.
440 2526 605 2581 Rbrackets
616 2529 694 2582 these
706 2528 786 2582 three
797 2528 874 2582 lines.
923 2529 961 2580 W
974 2528 1102 2582 brackets
1114 2528 1168 2580 line
1185 2542 1213 2578 11
1228 2525 1301 2594 only.

312 2615 353 2650 11.
387 2616 439 2650 esse
452 2599 499 2663 ita,
516 2614 547 2651 so
559 2598 607 2651 the
620 2598 702 2652 MSS.
759 2600 792 2653 lu
809 2599 832 2653 Β
849 2602 888 2652 ira
903 2615 1016 2667 appears
1031 2597 1127 2651 erased
1142 2596 1231 2650 either
1245 2596 1280 2663 by
1295 2593 1343 2647 the
1360 2591 1420 2646 first

272 2667 344 2721 hand
353 2683 386 2721 or
394 2668 430 2736 by
440 2669 467 2721 b.
504 2668 634 2738 Possibly‚
648 2669 783 2736 however,
796 2669 849 2723 itis
861 2670 925 2738 only
936 2669 984 2722 the
996 2668 1090 2722 stroke
1102 2667 1135 2721 ot
1143 2668 1191 2721 the
1202 2677 1215 2719 r
1226 2663 1420 2732 exaggerated.

272 2741 311 2791 ira
323 2757 374 2791 esse
387 2738 421 2803 R,
434 2737 572 2805 following
585 2739 739 2794 Hermann.

312 2826 353 2862 12.
388 2809 596 2874 iraesse,sothe
610 2809 690 2864 MSS.
734 2830 785 2862 esse
794 2814 841 2876 ita,
853 2809 927 2874 RW,
937 2808 1075 2875 following
1085 2808 1238 2861 Hermann.
1315 2803 1419 2874 predico

274 2877 306 2930 B.
412 2879 590 2943 vera,sothe
604 2880 685 2933 MSS.
736 2901 808 2947 vero,
818 2881 906 2947 Vulg.‚
918 2880 1056 2947 following
1069 2878 1164 2949 Pylad.
1221 2879 1228 2890 '

273 2965 407 3071 hasrad-14.
443 2948 538 3001 There
557 2964 607 3002 can
625 2950 660 3003 be
679 2965 716 3002 no
734 2951 873 3019 objection
886 2959 916 3004 to
932 2965 1047 3016 arrange
1058 2950 1136 3003 these
1149 2949 1217 3002 lines
1231 2963 1260 3001 as
1273 2946 1417 3000 Hermann

355 3034 454 3087 one,-

486 3087 616 3142 Profecto
636 3089 674 3143 ita
692 3105 752 3143 esse
771 3097 802 3144 ut
820 3092 950 3160 praedico
969 3108 1033 3145 vera
1053 3092 1158 3145 vincam

484 3159 577 3227 Atque
595 3159 649 3214 hoc
668 3168 774 3214 vosmet
793 3162 851 3230 ipsi,
870 3163 936 3226 scio,
955 3163 1070 3230 proinde
1089 3161 1130 3214 uti
1148 3176 1221 3214 nunc

485 3228 545 3295 Ego
563 3245 622 3282 esse
643 3239 756 3284 autumo
774 3233 884 3301 quando
903 3233 977 3286 dicta
996 3233 1118 3286 audietis.

312 3369 352 3416 14.
389 3369 444 3402 mea
465 3388 472 3403 .
493 3389 500 3404 .
520 3352 624 3405 .dr'cetis
637 3352 694 3407 BC.
746 3354 850 3407 dicentes
864 3355 917 3409 Da.
971 3374 1036 3422 mea,
1048 3353 1126 3408 aliter
1136 3354 1188 3406 hau
1199 3352 1284 3404 dicetis
1299 3349 1334 3403 R.

311 3437 351 3489 15,
367 3424 408 3474 16.
445 3420 471 3474 R
483 3421 610 3476 brackets
622 3422 699 3477 these
711 3423 787 3478 lines.

312 3495 353 3545 16.
389 3491 472 3545 Simul
485 3511 614 3562 gnarures
634 3514 691 3561 vos,
710 3510 741 3547 so
762 3495 859 3549 Lamb.
879 3511 915 3548 on
937 3496 1010 3565 conj.
1046 3493 1110 3546 The
1130 3493 1210 3546 MSS.
1229 3506 1276 3545 are
1295 3495 1419 3559 corrupt.

272 3563 354 3617 Simul
360 3582 416 3633 gna
428 3565 485 3616 ruri
495 3583 539 3616 suo
552 3564 584 3617 B.
634 3565 878 3634 Simulgnarurr'suo
891 3565 953 3618 CD.
1061 3564 1083 3617 C
1096 3564 1178 3617 omits
1189 3565 1263 3616 hanc.

310 3651 351 3698 17.
386 3653 458 3703 quom
470 3633 583 3689 forrum
596 3636 654 3689 BF.
754 3647 851 3705 parate
863 3634 1007 3705 (paratae)
1020 3635 1052 3689 B.

310 3750 351 3799 18.
385 3748 533 3800 examissim
546 3747 577 3814 B,
590 3746 638 3800 the
650 3767 666 3799 a
677 3747 759 3814 being
772 3764 787 3801 a
799 3747 954 3800 correction
966 3746 1003 3816 by
1015 3763 1041 3800 c.

310 3833 351 3881 19.
386 3817 457 3870 aedes
471 3817 529 3870 ΒΖ.
581 3818 635 3870 edes
649 3818 727 3870 CDF
740 3817 907 3886 (accusative
925 3857 932 3871 .

309 3902 351 3938 ao.
389 3885 553 3940 Rbrackets
564 3888 618 3940 this
631 3889 693 3955 line,
705 3886 760 3940 and
771 3905 802 3941 so
817 3889 874 3941 also
927 3927 935 3941 .
1041 3888 1179 3941 similesuo
1192 3893 1419 3967 usquesarnptaa

272 3955 344 4023 conj.
357 3957 466 4009 emend.
478 3957 532 4010 due
545 3965 574 4010 to
588 3959 696 4011 Camer.
732 3959 797 4011 The
815 3958 896 4012 MSS.
914 3974 961 4012 are
979 3965 1100 4025 corrupt.
1154 3958 1232 4010 BCD
1250 3955 1318 4007 have
1336 3953 1420 4006 simrle

270 4045 314 4077 sao
331 4028 354 4078 is
373 4045 421 4078 sua
438 4038 547 4096 sumpta,
565 4034 664 4096 except
681 4029 741 4081 that
760 4029 787 4081 D
807 4029 854 4082 has
871 4031 941 4083 issua
960 4031 1013 4083 and
1032 4029 1084 4082 CD
1105 4033 1216 4098 sumpti.
1268 4024 1349 4079 rr'mr'le
1365 4026 1419 4077 suis

271 4115 314 4148 sao
334 4107 435 4166 sumptu
457 4096 488 4149 F.
542 4098 631 4150 similis
650 4101 702 4151 sais
723 4109 824 4168 sumptu
844 4119 888 4152 sao
909 4100 941 4154 Z.
994 4099 1085 4153 similis
1109 4100 1166 4152 volt
1189 4117 1233 4150 sao
1255 4105 1357 4164 sumptu
1383 4093 1420 4148 R.

271 4180 372 4236 operam
390 4187 438 4220 non
450 4179 563 4236 parcunt
580 4188 662 4235 raam,
677 4185 708 4222 so
721 4169 865 4224 Hermann
877 4186 914 4223 on
927 4170 1000 4238 conj.
1054 4183 1155 4241 operam
1168 4178 1281 4239 parcunt
1297 4184 1372 4218 raam
1385 4164 1420 4218 B.

270 4244 344 4361 opegci
350 4248 518 4360 papycqntqqd
531 4239 633 4293 CDFZ
647 4240 708 4311 (sua
721 4239 769 4311 C).
823 4254 910 4311 operae
921 4262 951 4296 ne
959 4252 1071 4312 parcunt
1082 4261 1151 4308 suae,
1165 4240 1274 4293 Camer.
1285 4253 1323 4289 on
1335 4235 1421 4304 conj.,

270 4325 303 4361 an
336 4325 367 4361 so
406 4325 423 4360 u
452 4348 458 4361 .
509 4348 516 4362 .

308 4396 350 4433 21.
385 4325 555 4448 inmlgratC.
662 4382 846 4452 indiligensque,
859 4382 949 4436 sothe
963 4382 1043 4437 MSS.
1098 4381 1192 4451 Pylad.
1205 4379 1287 4432 omits
1298 4395 1350 4445 qur,
1363 4376 1420 4429 and

271 4451 291 4501 is
304 4449 431 4504 followed
444 4451 480 4520 by
495 4451 567 4504 RW.
1438 4473 1446 4485 ·
