3022 5498
227 389 288 457 252
554 376 705 436 PLAVTI
738 377 1042 438 MOSTELLARIA.

266 563 333 622 The
354 563 502 640 following
522 564 671 641 examples
689 565 744 624 will
760 566 799 626 be
819 567 961 627 rendered
983 567 1149 644 intelligible
1168 568 1208 643 by
1222 566 1297 625 what
1318 564 1373 624 has

224 662 299 719 been
315 662 393 721 said:
415 660 504 721 Most.
520 661 572 720 lV.
588 663 605 722 i.
620 682 653 721 12
672 665 747 736 (ιο),
767 663 801 721 Vt
812 664 903 721 adhuc
910 665 985 740 suit,
1001 665 1073 723 milu'
1083 667 1187 723 careum
1200 684 1255 722 esse
1273 669 1376 739 oportet

225 757 382 830 Sincerum,
401 767 481 834 atque
500 767 533 817 ut
551 766 634 818 uatem
655 759 823 828 uerberari,·
849 760 886 821 cl.
901 761 924 819 I.
945 762 962 820 i.
979 765 1026 837 36,
1047 761 1099 820 IV.
1117 763 1135 821 i.
1153 774 1189 835 27
1206 758 1281 840 (24),
1296 760 1335 818 V.
1352 759 1372 818 i.

228 875 264 931 19
290 856 330 929 (ii.
351 859 392 928 4),
417 856 495 916 Pers.
515 856 571 915 111.
591 857 608 915 i.
628 875 676 931 33,
701 856 802 915 Hercu
826 859 856 914 si
876 861 998 916 minatus
1021 866 1062 916 est
1083 860 1188 935 malum
1210 876 1290 916 seroo
1312 875 1373 926 suo,

227 951 384 1011 Tamenetsi
404 955 437 1010 id
445 953 586 1031 futurum
606 960 725 1025 nonest,
747 954 798 1012 ubi
813 963 921 1030 captum
945 962 987 1013 est
998 956 1138 1033 flagrum,
1160 955 1239 1014 Dum
1264 956 1374 1013 tunicas

218 1052 305 1126 ponit,
330 1059 434 1126 quauta
457 1051 591 1128 adficitur
613 1053 749 1110 misma!
778 1051 862 1128 Capt.
884 1053 940 1111 III.
962 1054 998 1111 iv.
1022 1067 1088 1126 117,
1118 1053 1172 1111 Vae
1196 1054 1254 1111 illis
1278 1053 1373 1127 vt'rges

224 1150 332 1206 metuis
352 1168 422 1224 quoe
440 1148 518 1206 hodie
537 1149 567 1206 in
587 1155 662 1225 tergo
682 1152 833 1208 morientur
853 1156 931 1209 meat
955 1153 1006 1212 As.
1026 1150 1082 1210 111.
1102 1151 1129 1210 ii.
1152 1154 1198 1221 28,
1226 1149 1280 1208 Vbi
1295 1160 1374 1224 saepe

224 1247 266 1303 ad
281 1248 441 1323 languorem
461 1253 511 1304 tua
532 1247 639 1321 duritia
659 1246 767 1305 dederis
787 1256 842 1306 octo
870 1249 979 1307 Valrdos
1002 1250 1108 1307 lictores
1132 1250 1229 1307 ulmeis
1252 1248 1373 1327 adfectos

224 1344 303 1402 lentis
326 1345 436 1420 m'rgis,·
465 1342 570 1403 Pseud.
592 1344 615 1402 Ι.
638 1345 664 1404 ii.
686 1363 732 1415 2ο,
753 1344 823 1403 Huc
845 1345 967 1404 adla'betc
989 1365 1081 1417 aures,
1103 1365 1171 1422 quae
1193 1364 1240 1422 ego
1262 1347 1373 1420 loquar,

218 1441 369 1519 plagigera
389 1461 493 1517 genera
516 1441 664 1513 homiuum,
689 1441 852 1518 Numquam
876 1445 966 1518 edepol
990 1452 1111 1501 nostrum
1139 1445 1241 1501 durius
1263 1450 1372 1519 tergum

223 1541 284 1612 crit,
305 1558 387 1616 quam
408 1541 546 1615 tergt'num
567 1538 617 1596 hoe
636 1558 742 1607 meum;
767 1539 852 1617 Epid.
872 1540 895 1598 Ι.
914 1542 932 1600 1.
953 1543 1000 1612 84,
1022 1543 1127 1599 coccum
1143 1541 1276 1616 perdidi:
1305 1559 1372 1597 nam

225 1638 276 1696 ubi
292 1656 377 1696 senex
397 1638 514 1695 senserit
530 1635 598 1695 Sibi
611 1637 677 1695 data
695 1656 750 1696 esse
766 1637 859 1709 uerba,
878 1640 971 1714 or‘rgrs
990 1640 1101 1697 dorsum
1120 1640 1245 1715 despoliet
1263 1656 1372 1705 meum,·

223 1754 250 1793 o.
275 1751 321 1808 25,
352 1733 385 1793 Τ.
409 1734 453 1792 At
477 1752 563 1792 unum
590 1753 609 1791 a
630 1741 770 1809 praetura
794 1741 851 1805 tua,
875 1735 999 1810 Eptdc'ce,
1024 1735 1104 1793 abest.
1143 1735 1181 1794 Ε.
1206 1734 1373 1807 Quidnam?

227 1831 259 1891 Τ.
283 1830 377 1891 Scies:
399 1831 523 1889 Lictores
541 1832 602 1902 duo,
618 1832 671 1890 duo
689 1834 805 1891 vincenci
807 1833 908 1908 fasces
926 1835 1093 1909 virgarum·
1117 1833 1205 1892 Most.
1220 1832 1272 1891 IV.
1287 1833 1318 1894 ii.¹
1333 1835 1370 1890 26

226 1933 301 2005 (23),
321 1928 413 1987 Mane
430 1927 578 2004 castigabit
595 1947 637 1986 eos
656 1928 764 1987 bubulis
781 1931 914 1997 exum'ch·
940 1929 1030 1988 Poen.
1049 1930 1072 1988 Ι.
1092 1931 1109 1988 i.
1128 1949 1173 2000 10,
1193 1928 1282 1987 Nunc
1299 1928 1375 1987 milti

224 2028 397 2086 blandidicus
417 2046 453 2097 es,
470 2027 535 2084 lteri
553 2028 582 2083 in
602 2033 677 2103 tergo
697 2044 752 2085 meo
769 2024 837 2085 Tris
845 2026 939 2104 facile
957 2029 1044 2085 corsos
1063 2028 1222 2086 contre'rn'sti
1239 2026 1351 2084 bubulos
1355 2046 1371 2093 ;

224 2126 283 2185 and
298 2124 391 2184 hence
405 2123 470 2182 hul.
486 2123 537 2182 IV.
553 2125 570 2183 i.
583 2141 628 2198 15,
642 2126 729 2183 censio
742 2124 863 2192 bubula,·
885 2126 966 2184 Trin.
983 2125 1035 2184 IV.
1051 2126 1088 2183 iii.
1104 2146 1131 2199 4,
1147 2125 1370 2192 bubulicottobi;

223 2226 301 2286 Pers
317 2223 357 2282 ll.
377 2224 411 2281 iv.
432 2242 476 2293 11,
493 2221 611 2282 Caedere
630 2224 707 2281 lodie
726 2230 758 2281 tu
779 2225 912 2291 restibus,·
938 2223 1024 2283 Phor.
1039 2224 1062 2282 Ι.
1080 2225 1107 2283 11.
1126 2227 1173 2295 26,
1195 2223 1266 2285 Sem'
1274 2224 1373 2301 fidelis

223 2327 289 2382 dum
305 2340 375 2393 sum,
390 2321 518 2397 scapulas
527 2322 658 2396 perdedi,·
679 2322 737 2380 and
756 2340 790 2380 so
804 2322 885 2380 Trin.
901 2322 954 2380 IV.
970 2323 1006 2381 iii.
1024 2342 1050 2394 2,
1069 2341 1102 2380 ne
1120 2329 1204 2381 metus
1222 2324 1373 2381 exortatur

222 2422 363 2500 scapulis,·
388 2420 479 2479 Poen.
502 2420 525 2477 1.
545 2420 562 2478 i.
584 2434 630 2492 25,
651 2439 723 2478 meae
743 2421 813 2478 istuc
832 2421 961 2495 scapulae
980 2423 1117 2488 seno'unt;
1142 2421 1221 2480 Pers.
1240 2420 1264 2478 Ι.
1284 2421 1303 2479 i.
1322 2439 1371 2495 32,

231 2523 314 2582 Vale!
337 2522 393 2576 cam
413 2518 540 2592 scapulae
558 2519 705 2593 pruriunt,
727 2520 794 2593 quia
814 2525 838 2576 te
862 2521 944 2576 istaec
963 2520 1065 2577 audiui
1085 2521 1167 2595 loqui,
1187 2518 1255 2577 with
1275 2518 1372 2577 which

222 2637 360 2696 compare
382 2615 443 2674 Mil.
464 2614 503 2672 II.
521 2615 556 2673 iv.
573 2634 621 2687 44,
645 2612 737 2673 Timeo
757 2616 827 2690 quid
843 2634 939 2673 rerum
955 2618 1098 2692 gesserim,
1120 2618 1160 2673 ita
1180 2616 1280 2674 dorsus
1300 2621 1372 2674 totus

216 2718 337 2794 prurc't,·
362 2715 439 2774 Pers.
460 2713 512 2771 IV.
527 2713 581 2771 viii.
601 2731 626 2783 1,
648 2711 802 2771 Transcidi
816 2715 884 2770 loris
905 2732 1002 2785 omnes,
1021 2714 1175 2784 aduenam,
1194 2714 1285 2780 domi;
1311 2713 1371 2773 and

221 2835 257 2876 so
277 2814 360 2875 Adel.
380 2813 419 2874 11.
439 2814 457 2871 i.
476 2815 522 2882 28,
543 2830 626 2887 usque
646 2812 687 2870 ad
708 2831 792 2870 necem
817 2811 950 2886 olpcrc'ere
970 2812 1059 2879 loris,·
1086 2811 1173 2871 Truc.
1195 2811 1247 2870 IV.
1267 2812 1304 2870 iii.
1324 2831 1370 2887 19,

221 2913 286 2972 Iam
301 2914 414 2970 terrorem
428 2916 482 2971 tute
499 2910 620 2985 scapulis
638 2910 705 2968 istoc
723 2911 868 2968 concinnas
886 2911 962 2978 tca‘s;
987 2909 1092 2969 Pseud.
1108 2910 1131 2968 Ι.
1147 2910 1173 2968 11.
1192 2929 1236 2981 ι2,
1256 2909 1305 2968 Ito
1322 2928 1371 2986 ego

221 3020 315 3070 vostra
336 3011 425 3068 latera
446 3010 518 3067 loris
527 3009 644 3087 feceram
664 3014 697 3066 ut
714 3007 805 3066 valide
824 3009 908 3065 uaria
929 3009 1018 3074 sc'ent,·
1044 3007 1120 3068 Rua
1135 3007 1188 3066 IV.
1203 3008 1241 3065 iii.
1257 3010 1307 3078 60,
1325 3006 1370 3066 Tu

221 3110 310 3168 lecrcle
323 3110 418 3183 opcnor
433 3108 462 3163 in
477 3106 601 3163 vidulum
616 3113 640 3163 te
648 3106 750 3180 piscem
764 3112 909 3176 convertes,
921 3107 982 3163 nisi
992 3124 1079 3176 caves,
1089 3105 1156 3163 Fiet
1166 3104 1371 3180 talt'pum'ceum

221 3207 333 3275 coccum,
350 3211 444 3279 postea
464 3210 558 3260 atrum
579 3203 683 3271 denuo,·
709 3204 760 3262 As.
779 3203 835 3261 111.
856 3204 882 3262 ii.
900 3217 926 3277 7,
951 3202 1011 3274 Qui
1027 3215 1103 3280 saepe
1123 3210 1186 3262 ante
1205 3204 1236 3260 in
1259 3208 1371 3261 nostras

221 3303 350 3380 scapulos
368 3303 506 3359 cicatrices
526 3301 704 3368 cndederunt,·
731 3301 807 3359 Rud.
828 3301 883 3360 III.
902 3303 938 3359 iv.
954 3303 1002 3375 48,
1019 3300 1154 3360 Contende
1171 3319 1236 3378 ergo
1254 3307 1315 3359 uter
1332 3302 1373 3359 sit

185 3432 191 3442 ·
221 3411 296 3477 tergo
316 3401 418 3458 vercor.
460 3397 510 3457 Ni
527 3396 745 3474 obserrumentas
762 3397 873 3456 habebis
885 3398 983 3473 plures
1000 3399 1031 3455 in
1044 3406 1119 3474 tergo
1137 3405 1183 3455 tuo
1199 3396 1290 3468 Quam
1311 3396 1371 3455 ulla

221 3501 304 3559 novis
322 3498 405 3574 longa
422 3497 521 3565 clauos,
536 3501 592 3553 tum
612 3514 660 3571 ego
672 3514 720 3552 ero
733 3497 984 3563 mendacr'ssumus;
1005 3494 1106 3554 Postea
1124 3496 1256 3572 adspict'to
1273 3513 1369 3566 mmm,

220 3598 330 3675 quondo
349 3616 397 3673 ego
417 3602 493 3654 tuum
514 3596 716 3671 suspectantem:
738 3593 813 3652 Nisi
827 3597 882 3652 erit
901 3602 957 3653 tam
978 3596 1117 3653 sincerum
1137 3601 1170 3652 ut
1184 3594 1277 3669 queis
1297 3593 1373 3653 dicat

222 3695 418 3771 ampullarius,
443 3692 590 3769 Optumum
615 3711 669 3749 esse
691 3702 769 3768 opere
780 3691 923 3769 faciundo
946 3694 1059 3763 carrum,
1081 3699 1107 3750 et
1127 3693 1369 3759 sincerarumum

224 3793 304 3865 Quid
317 3811 415 3851 causae
432 3799 472 3850 est
486 3791 552 3865 quem
570 3792 661 3866 oc'rgis
678 3797 702 3848 te
719 3809 802 3865 usque
819 3790 860 3847 ad
873 3791 1045 3847 saturitatem
1062 3791 1205 3848 sanctem?

263 3889 330 3948 The
355 3889 473 3966 general
498 3888 563 3947 idea
587 3887 622 3946 of
641 3887 776 3964 flogging
799 3888 824 3946 is
846 3887 933 3947 made
959 3898 990 3947 to
1014 3904 1131 3946 assume
1155 3905 1174 3946 2
1194 3887 1318 3945 munber
1338 3884 1375 3945 os

221 3987 379 4048 whimsical
397 3988 496 4046 sorms.

263 4086 439 4146 Sometimes
458 4085 506 4142 the
526 4101 679 4160 scourgers
699 4101 747 4142 are
766 4084 954 4160 represented
973 4101 1005 4142 as
1027 4083 1154 4161 painters
1168 4080 1235 4140 who
1249 4091 1371 4141 execute

221 4205 239 4245 2
258 4185 388 4258 drawing
408 4182 475 4241 with
497 4182 628 4241 clm-tree
650 4182 796 4258 pigments
818 4199 858 4240 on
878 4181 926 4239 the
947 4181 1031 4240 hide:
1058 4180 1143 4258 Epid.
1158 4179 1196 4238 V.
1214 4179 1232 4238 i.
1251 4197 1296 4253 19,
1314 4177 1371 4236 Ex
1467 4173 1472 4177 ’

221 4285 277 4342 tuis
301 4282 390 4341 verbis
415 4300 501 4339 meum
514 4281 655 4359 futurum
680 4282 784 4338 eorsum
803 4281 934 4355 pulcrum
952 4280 1121 4354 praedicas:
1153 4276 1243 4349 Quem
1262 4276 1372 4351 Apelles

221 4392 300 4457 atque
317 4381 430 4440 Zeuxis
448 4382 501 4437 duo
513 4381 629 4455 pingent
638 4379 789 4456 pigmentis
806 4378 910 4436 ulmeis.

263 4480 436 4539 Sometimes
457 4479 505 4538 the
527 4478 595 4537 rods
616 4497 664 4537 are
687 4477 826 4555 parasites
845 4476 912 4536 who
934 4475 1021 4540 share
1041 4476 1119 4535 close
1141 4475 1189 4533 the
1210 4490 1317 4550 person
1338 4481 1370 4532 to
