3022 5498
222 391 264 475 36
550 388 702 451 PLAVTI
731 389 1038 452 MoerLLan.

266 580 328 640 ΤΗ.
361 574 448 663 Qia
477 584 600 659 septem
636 594 763 639 menses
797 584 883 658 sunt,
912 594 1008 658 quom
1040 576 1075 638 in
1107 575 1201 638 hasce
1234 568 1323 638 aedis

351 689 465 773 pedem

221 801 334 865 Nemo
356 803 444 864 intro
465 801 587 885 tetulit,
610 800 710 864 semel
732 809 768 862 ut
791 800 1028 882 emigravimus.
1324 820 1367 881 40

268 914 328 975 ΤΗ.
357 911 525 996 Eloquere,
553 910 629 994 quid
661 912 731 974 ita?
820 915 881 975 ΤΗ.
905 910 1216 994 Circumspicedum,
1246 929 1322 972 num

350 1023 423 1104 quis
445 1032 506 1105 est,

219 1130 406 1195 Sermonem
429 1141 573 1195 nostrum
595 1133 651 1213 qui
674 1145 818 1215 aucupet.
889 1135 950 1195 ΤΗ.
973 1130 1099 1195 Tutum
1121 1132 1218 1214 probe
1241 1140 1300 1194 est.

265 1247 327 1307 ΤΗ.
349 1244 569 1327 Circumspice
591 1246 702 1306 etiam.
772 1247 832 1306 ΤΗ.
856 1242 967 1305 Nemo
989 1251 1057 1305 est:
1087 1242 1214 1324 loquere
1237 1262 1322 1305 nunc

350 1357 426 1418 iarn.

264 1469 325 1530 ΤΗ.
348 1466 511 1550 Capitalis
534 1466 642 1530 caedis
667 1465 755 1529 facta
780 1474 839 1528 est.
917 1468 977 1528 ΤΗ.
1008 1463 1124 1552 *Qud
1152 1465 1226 1528 est?
1255 1484 1321 1527 non

349 1577 513 1659 intellego.

260 1691 321 1751 ΤΗ.
347 1687 465 1771 Scelus,
498 1689 641 1771 inquam,
676 1687 796 1750 factum
827 1702 875 1748 est
912 1685 1045 1769 iamdiu,
1083 1687 1249 1768 antiquom
1283 1695 1316 1748 et

349 1808 451 1861 vetus.
1321 1814 1364 1881 45

220 1909 409 1992 Antiquom.
453 1906 490 1972 ld
512 1909 593 1971 adeo
615 1928 674 1972 nos
697 1928 783 1972 nunc
805 1908 926 1972 factum
949 1910 1143 1971 invenimus.

267 2025 328 2083 ΤΗ.
356 2019 442 2108 Qid
468 2021 552 2083 istuc
576 2036 638 2103 est,
664 2020 838 2103 *scelesta
864 2027 919 2083 aut
945 2020 1016 2103 quis
1044 2018 1076 2080 id
1101 2019 1201 2082 fecit?
1231 2019 1319 2082 ced0.

267 2135 327 2195 ΤΗ.
358 2130 487 2214 Hospes
509 2133 639 2193 necavit
662 2131 823 2214 hospitem
846 2139 974 2213 captum
997 2149 1116 2211 manu;

220 2240 297 2326 Iste,
319 2250 355 2303 ut
380 2260 438 2324 ego
460 2242 586 2325 opinor,
609 2243 664 2325 qui
688 2242 744 2304 has
768 2243 829 2303 tibi
854 2241 944 2304 aedis
967 2240 1127 2304 vendidit.

263 2356 324 2417 ΤΗ.
354 2353 524 2418 Necavit?
596 2359 656 2420 ΤΗ.
688 2355 871 2436 Aurumque
894 2357 926 2417 ei
951 2354 1074 2416 ademit
1099 2354 1232 2438 hospiti,
1319 2370 1362 2437 50

219 2462 362 2548 Eumque
386 2465 438 2528 hic
461 2464 583 2528 defodit
608 2467 767 2548 hospitem
791 2466 913 2527 ibidem
938 2466 973 2526 in
996 2463 1136 2527 aedibus.

263 2580 324 2639 ΤΗ.
352 2575 551 2664 Quapropter
574 2576 607 2638 id
632 2596 689 2639 vos
712 2576 831 2640 facturn
856 2577 1093 2659 suspicamini?

265 2690 326 2749 ΤΗ.
353 2686 421 2769 Ego
444 2686 570 2750 dicam:
600 2687 751 2750 ausculta.
798 2685 840 2750 Vt
863 2686 941 2749 foris
964 2694 1135 2748 cenaverat

219 2796 311 2861 Tuus
333 2814 459 2881 gnatus,
483 2807 648 2881 postquam
672 2797 755 2861 redit
780 2817 799 2860 a
822 2816 903 2860 cena
925 2797 1074 2859 domum:

257 3077 298 3126 3⁹·
335 3063 424 3113 metuis
443 3059 532 3129 (nom.
545 3059 629 3131 plur.)
642 3060 679 3113 D.
785 3061 863 3126 aedis,
881 3076 913 3113 so
930 3060 1088 3129 apparently
1102 3059 1179 3113 BCD
1192 3058 1264 3129 (acc.
1276 3056 1361 3128 plur.)

217 3131 481 3265 oedissfzrlermonum
494 3200 613 3265 BaCDa‚
626 3216 660 3253 an
673 3199 786 3253 obvious
798 3199 921 3254 blunder.
1022 3198 1125 3283 prabest
1136 3199 1248 3253 BCDF.

256 3288 299 3335 43.
336 3288 399 3322 nunc
413 3272 475 3335 iam,
490 3286 521 3322 so
534 3270 612 3337 Vulg.
665 3273 780 3323 nuntiam
793 3271 912 3335 BaCDa‚
925 3286 958 3323 an
972 3269 1084 3323 obvious
1096 3269 1220 3323 blunder.

256 3360 299 3405 44.
336 3340 459 3408 Capitalis
480 3341 561 3392 caedis
572 3343 653 3409 facta
669 3352 715 3393 est.
752 3341 822 3393 This
840 3342 862 3392 is
881 3342 928 3393 the
950 3348 1011 3393 true
1030 3342 1141 3407 reading
1159 3339 1192 3391 ol‘
1205 3339 1253 3392 the
1272 3338 1361 3405 MSS,

218 3448 429 3519 uus-capras
456 3452 535 3503 saeua
559 3450 633 3503 nau.
705 3451 816 3520 caphar
838 3420 916 3504 sceris
940 3451 991 3503 ab.
1063 3451 1179 3519 captans
1209 3451 1273 3501 aaa
1299 3449 1361 3502 nr.

219 3521 344 3589 Capitalis
363 3520 431 3572 aedis
454 3522 525 3574 ZW.
583 3521 705 3590 Caputale
715 3523 846 3588 factumst
869 3522 902 3574 R.
1009 3521 1078 3591 Quid
1095 3532 1141 3586 est,
1161 3536 1191 3573 so
1210 3521 1257 3572 the
1280 3520 1361 3572 MSS.

220 3592 328 3644 Camer.
341 3590 424 3643 omits
436 3592 482 3643 the
495 3591 593 3656 words,
606 3592 660 3644 and
672 3609 703 3644 so
717 3593 764 3645 W.
818 3593 887 3662 Quid
896 3592 925 3644 id
933 3602 972 3643 est
983 3591 1065 3644 Both.
1080 3591 1114 3644 R.

253 3678 297 3725 45.
332 3663 463 3728 antiquum
476 3662 523 3715 the
539 3662 619 3714 MSS.

253 3736 296 3795 46.
334 3733 478 3798 Antiquom,
497 3749 527 3785 so
546 3732 593 3785 the
606 3731 686 3786 MSS.
742 3731 767 3783 R
781 3733 853 3801 conj.
867 3730 1022 3801 [Caputale].
1078 3731 1140 3782 FW
1152 3729 1272 3797 givethe
1284 3729 1361 3783 word

218 3804 353 3869 Antiquom
366 3810 396 3853 to
408 3803 608 3869 Theuropides.

254 3888 297 3936 47.
331 3883 369 3922 est
386 3871 491 3938 sceleste,
508 3889 540 3925 so
557 3873 605 3924 the
624 3872 704 3925 MSS.
758 3873 835 3925 scelus
853 3884 889 3925 est
904 3872 938 3938 R,
958 3873 1076 3939 Scaliger
1093 3870 1191 3936 having
1209 3870 1361 3938 previously

216 3941 351 4009 proposed
362 3952 400 3992 est
410 3942 496 3994 scelus.
548 3942 646 3994 sceleste
656 3953 693 3994 est
707 3943 754 3994 W.

254 4017 296 4074 48.
333 4013 443 4075 necavit,
456 4028 487 4063 so
500 4012 578 4077 Vulg.
631 4015 738 4081 negavit
750 4013 869 4065 BaCDa‚

246 4097 320 4203 ,1¹spss
323 4082 380 4200 (pas
405 4079 457 4200 tibp'i
474 4080 622 4203 Bsslsscypz'
687 4082 755 4135 astib
769 4121 795 4135 ..
814 4083 879 4135 with
904 4098 1014 4135 erasure
1038 4081 1071 4134 B.
1140 4081 1255 4134 hostibus
1280 4080 1359 4132 CDa.

215 4172 247 4205 ae
263 4171 284 4202 ss
349 4189 355 4201 .
408 4170 439 4202 ae
454 4170 479 4201 es
559 4187 580 4203 2.

254 4238 296 4285 50.
331 4222 354 4271 ei
364 4221 467 4285 ademit,
479 4237 513 4272 an
526 4223 599 4289 early
611 4223 774 4274 correction.
827 4234 851 4274 et
860 4224 954 4275 ademit
965 4222 1076 4276 BCDF.
1129 4224 1207 4274 eidem
1219 4222 1313 4274 ademit
1325 4220 1358 4272 R.

215 4295 247 4344 er's‘
259 4292 353 4344 adcurrit
367 4290 445 4356 Vulg.
498 4293 545 4359 ipsi
559 4294 653 4344 adenrit
666 4293 760 4360 Pylarl.

216 4382 296 4484 D54.
329 4372 423 4429 gustatus
445 4361 492 4413 the
518 4362 597 4414 MSS.
617 4363 683 4415 here
708 4363 760 4415 and
781 4381 805 4414 v.
827 4369 868 4426 58.
983 4364 1046 4414 redit
1071 4363 1118 4415 the
1144 4363 1224 4415 MSS.
1285 4361 1360 4413 rediit

245 4450 319 4485 ousa.
