3022 5498
214 398 257 464 30
543 378 695 439 PLAVTI
723 377 1030 439 MOSTELLARIA.

212 563 305 627 Cedo
327 564 431 627 soleas
453 566 547 648 mihi,
571 579 605 627 ut
628 583 717 626 arma
739 565 883 648 capiam!
919 566 985 627 iarn
1008 563 1061 647 pol
1085 582 1145 646 ego
1170 563 1325 649 occidam·

343 684 477 759 patrem.

256 792 359 850 Pura.
390 787 501 850 Perdis
531 807 618 849 rem:
652 797 734 851 tace.
791 790 928 872 Amabo,
955 788 1092 870 abripite
1117 787 1202 851 hunc
1231 788 1319 850 intro

344 909 489 962 actutum
513 901 599 962 inter
621 920 745 963 manus.

261 1014 322 1075 CA.
352 1010 421 1073 Iam
442 1011 548 1074 hercle
578 1032 637 1094 ego
659 1032 716 1076 vos
743 1032 800 1096 pro
830 1012 950 1076 matula
979 1012 1111 1095 habebo,
1142 1013 1207 1075 nisi
1238 1010 1317 1072 mihi

346 1124 500 1185 matulam
521 1123 617 1186 datis.

259 1240 361 1299 Pura.
393 1235 496 1301 Perii!
570 1240 631 1301 TR.
661 1237 756 1300 Habe
786 1239 904 1301 bonum
935 1240 1100 1301 animum:
1130 1256 1191 1319 ego
1221 1238 1319 1299 istum

346 1349 452 1433 lepide
476 1348 643 1413 medicabo
666 1360 799 1415 metum.
1319 1369 1363 1429 40

258 1464 359 1524 Prrra.
376 1461 497 1525 Nullus
520 1463 608 1526 sum!
666 1467 726 1526 Tn.
742 1462 887 1525 Taceas:
912 1482 982 1547 ego,
996 1464 1052 1545 qui
1076 1464 1178 1525 istaec
1199 1460 1319 1543 sedem,

345 1573 539 1656 meditabor,
561 1576 635 1638 tibi.

216 1682 318 1746 Satin'
356 1684 464 1768 habes,
502 1687 530 1748 si
569 1705 629 1768 ego
672 1684 901 1748 advenientem
946 1687 993 1748 ita
1035 1695 1160 1769 patrem
1202 1685 1320 1749 faciam

346 1804 449 1878 tuum,

218 1904 298 1967 Non
320 1905 480 1986 mod0,ne
503 1907 593 1967 intro
622 1921 687 1989 eat,
709 1925 819 1969 verum
842 1907 943 1969 etiam
964 1916 1001 1970 ut
1030 1908 1133 1990 fugiat
1156 1906 1252 1989 longe
1280 1907 1320 1968 ab

347 2008 502 2080 aedibus?

217 2129 283 2193 Vos
305 2129 401 2192 modo
422 2130 499 2193 hinc
520 2131 608 2191 abite
632 2131 719 2192 intro
740 2139 835 2212 atque
856 2129 935 2193 haec
953 2130 1031 2194 hinc
1049 2149 1181 2214 propere
1203 2131 1318 2193 arnoli-

351 2242 445 2304 mini.

262 2358 364 2416 Pura.
387 2352 451 2415 Vbi
474 2370 535 2434 ego
557 2353 634 2415 ero?
711 2356 771 2414 ΤΚ.
794 2351 858 2414 Vbi
882 2370 1028 2414 maxume
1054 2373 1124 2415 esse
1146 2354 1218 2416 vis:
1248 2372 1322 2417 cum

348 2466 419 2548 hac,
441 2484 514 2527 cum
537 2466 618 2526 istac
645 2464 716 2526 eris.
1321 2484 1365 2553 45

216 2646 224 2656 ‚
262 2583 326 2641 Da.
349 2577 438 2663 Qid
460 2586 509 2638 est
533 2577 656 2658 igitur?
685 2575 834 2638 abeamus
854 2574 931 2638 hinc
952 2576 1034 2638 nos?
1082 2578 1143 2639 ΤΚ.
1163 2576 1244 2640 Non
1261 2578 1322 2640 hoc

350 2689 455 2772 longe,
479 2688 664 2771 Delphium.

219 2800 310 2864 Nam
355 2802 443 2862 intus
488 2809 597 2883 potate
646 2798 726 2860 haud
772 2798 903 2861 tantillo
946 2799 1007 2861 hac
1054 2799 1185 2881 quidem
1228 2820 1322 2863 causa

348 2930 464 2972 minus.

257 3145 298 3194 37.
335 3127 397 3181 Cedo
408 3127 486 3179 soleas
499 3128 563 3179 mihi
575 3137 602 3178 ut
613 3144 700 3190 arma,
712 3141 743 3177 so
756 3125 804 3178 the
818 3125 898 3179 MSS.
952 3127 1035 3180 Soleas
1048 3129 1152 3181 cedomi
1164 3139 1280 3185 utarma
1295 3130 1329 3184 R.

256 3216 298 3264 39.
334 3200 383 3250 nisi
395 3199 457 3249 mihi
470 3197 502 3250 B.
539 3196 602 3249 The
615 3201 671 3248 rest
683 3194 716 3247 of
724 3196 772 3248 the
786 3196 866 3250 MSS.
879 3197 947 3250 omit
959 3200 1029 3251 mihi.

255 3288 298 3333 40.
334 3268 459 3320 medicabo
479 3266 610 3320 DaFZR.
664 3267 805 3319 meditabor
823 3266 855 3320 B.
914 3268 1038 3321 meditabo
1057 3269 1089 3322 C.
1149 3270 1291 3324 meditabor
1308 3270 1365 3324 Db.

219 3340 241 3393 P
261 3339 313 3392 lad.
325 3339 404 3404 Vulg.
417 3338 465 3390 W.
1423 3346 1429 3355 '

243 3358 297 3475 y41.
334 3409 427 3460 Nullus
441 3407 542 3460 BbFZ.
597 3406 703 3458 Nullum
717 3406 820 3461 BaCD.
925 3410 977 3461 isra
990 3410 1032 3460 hec
1046 3409 1123 3461 BCD
1137 3409 1190 3462 and
1203 3427 1227 3463 V.
1241 3415 1285 3474 48.

255 3498 298 3544 42.
336 3480 430 3531 There
448 3479 471 3530 is
488 3493 564 3530 sorne
582 3476 725 3530 confusion
739 3477 804 3529 here
818 3478 844 3528 in
857 3477 904 3530 the
918 3478 1007 3544 MSS,
1020 3480 1127 3545 arising,
1141 3480 1280 3550 probably,
1292 3480 1364 3535 from

218 3568 234 3605 a
246 3551 354 3620 portion
368 3549 400 3601 of
409 3549 456 3603 the
469 3556 525 3601 two
537 3547 675 3614 following
687 3546 755 3599 lines
767 3548 864 3615 having
877 3548 948 3601 been
961 3549 1057 3617 copied
1070 3550 1151 3603 twice
1164 3566 1239 3604 over.

253 3664 296 3712 43.
331 3648 399 3699 intro
411 3656 441 3698 at
453 3644 555 3697 BaCD.
609 3628 719 3697 intro‘at
731 3643 782 3696 Bb.
835 3646 945 3697 introeat
959 3645 981 3696 F
984 3645 1016 3697 Z.

241 3736 297 3801 ¹44.
333 3717 418 3769 habite
436 3716 473 3769 D.
586 3715 680 3766 hece.
795 3715 852 3767 hinc
870 3728 984 3784 propere,
1008 3731 1040 3768 so
1057 3714 1105 3768 the
1124 3715 1205 3768 MSS.
1260 3728 1366 3786 propere

219 3787 325 3922 hnic?
334 3859 371 3909 So
383 3856 430 3910 the
443 3854 524 3908 MSS.
578 3858 691 3908 maxime
706 3854 754 3907 the
768 3855 848 3908 MSS.
954 3858 997 3908 vis
1009 3875 1060 3909 esse
1073 3855 1153 3908 Both.
1168 3855 1203 3908 R.
1308 3876 1365 3909 cum

217 3931 281 3981 hac:
305 3937 333 3981 tu
354 3946 410 3979 cum
431 3929 495 3979 istac
514 3928 564 3979 eris
586 3926 634 3977 W.
688 3925 727 3974 W
747 3924 864 3977 believes
885 3924 938 3977 this
958 3927 1012 3978 line
1034 3926 1087 3979 and
1109 3928 1143 3979 all
1163 3925 1253 3979 which
1273 3925 1365 3979 follow

217 4007 248 4052 to
270 3998 317 4051 the
337 3998 391 4050 end
410 3996 443 4050 of
459 3997 507 4049 the
526 4011 608 4049 scene
629 4002 659 4048 to
679 3996 714 4047 be
736 3997 868 4062 spurious.
906 3996 953 4049 He
978 3995 1114 4064 brackets,
1138 3997 1275 4063 however,
1299 3998 1364 4066 only

219 4068 403 4209 [⁴⁵4-6i3]·Quid
412 4149 449 4190 est
460 4139 548 4206 igitur,
567 4137 657 4189 sothe
671 4136 751 4188 MSS.
806 4137 876 4206 Quid
891 4137 915 4188 si
932 4139 1013 4206 igitur
1026 4136 1107 4191 Both.
1161 4137 1231 4206 Quid
1246 4138 1327 4206 igitur
1343 4139 1366 4190 si

219 4211 253 4263 R.
308 4210 377 4279 Quid
386 4210 467 4276 igitur
478 4208 525 4261 W.
632 4207 769 4259 habeamus
782 4206 869 4258 BCD.

253 4296 295 4344 47.
333 4280 456 4332 Nriirrtus
470 4279 502 4331 B.
556 4279 698 4331 Nomentus
712 4278 745 4329 C.
800 4277 940 4329 Nrimerrlus
954 4277 991 4330 D.
1045 4279 1118 4331 Nam
1130 4280 1219 4330 metuis
1227 4288 1319 4346 potare
1333 4278 1365 4331 Z.

216 4353 287 4405 Num
312 4352 400 4403 metuis
419 4361 511 4418 potare
536 4348 567 4402 F.
621 4349 739 4415 Namque
762 4349 830 4399 intus
855 4347 933 4413 Vulg.
959 4348 1006 4402 W.
1114 4348 1266 4401 harilantillo
1288 4347 1365 4402 Bal).

215 4422 369 4499 hadtarrtillo
382 4444 433 4498 Bb.
487 4445 559 4497 haud
569 4443 669 4497 tnrrtillo
684 4443 714 4496 F.
769 4445 832 4495 haut
843 4443 934 4495 ancillo
944 4443 976 4497 C.
