3022 5498
199 364 241 446 58
527 367 679 429 PLAVTI
711 368 1015 429 MOSTELLARIA.

198 556 272 644 Ψο
295 572 346 615 me
369 555 513 637 miserae,
535 554 644 618 adfero
665 576 762 619 omne
785 558 1003 640 impetratum.

247 667 306 726 ΤΗ.
336 663 423 755 ΨΜ
446 665 527 749 illic,
549 686 691 751 opsecro,
713 676 780 730 tam
802 668 858 731 diu
881 666 1056 730 restitisti?

244 778 304 837 ΤΚ.
334 775 408 838 Seni
432 796 497 839 non
521 787 589 841 erat
610 780 731 843 otium:
765 778 797 842 id
821 798 891 842 sum
913 779 1084 862 opperitus.

246 890 306 947 ΤΗ.
336 887 514 970 Antiquom
536 891 666 972 optines
688 890 748 954 hoc
769 899 871 974 tuum,
893 890 1000 952 tardus
1022 900 1057 952 ut
1080 889 1134 950 sis.
1287 907 1346 950 100

245 999 306 1060 TA.
336 997 427 1061 Heus
449 1009 496 1083 tu,
518 1001 546 1063 si
569 1001 657 1063 voles
679 1003 809 1063 verbum
832 1002 892 1063 hoc
913 1002 1066 1083 cogitare,

197 1109 297 1174 Simul
320 1111 394 1174 flare
417 1113 604 1195 sorbereque
627 1113 709 1176 haud
732 1113 819 1176 factu
841 1113 936 1177 facile
960 1122 1026 1174 est:

199 1219 267 1305 Ego
288 1222 342 1286 hic
364 1243 433 1286 esse
456 1236 489 1288 et
513 1225 561 1288 illi
584 1225 679 1288 simul
702 1226 783 1288 haud
805 1228 906 1309 potui.

245 1338 305 1396 ΤΗ.
328 1334 414 1427 ΨΜ
432 1337 540 1400 nunc?
602 1341 663 1401 Tre.
680 1336 769 1420 Vise,
784 1346 904 1421 specta,
919 1346 976 1399 tuo
997 1354 1094 1417 usque
1114 1335 1278 1396 arbitratu.

245 1448 304 1506 ΤΗ.
336 1445 417 1529 Age,
439 1447 500 1510 duc
523 1468 585 1511 me.
656 1453 717 1511 Tre.
753 1448 845 1511 Num
877 1448 1005 1511 moror?
1078 1451 1137 1509 ΤΗ.
1170 1446 1281 1528 Supse-

319 1575 396 1637 quor
419 1568 463 1621 te.
1287 1574 1345 1639 105

248 1668 308 1726 Tre.
339 1666 445 1729 Senex
468 1668 554 1751 ipsus
576 1676 610 1731 te
633 1677 710 1730 ante
732 1672 863 1752 ostium,
886 1687 1009 1750 eccum,
1031 1669 1201 1750 opperitur.

200 1771 260 1834 Sed
283 1775 342 1857 [is]
365 1785 506 1837 maestus
528 1785 589 1857 est,
613 1794 647 1838 se
669 1775 763 1839 hasce
785 1775 978 1837 vendidisse.

244 1885 304 1945 ΤΗ.
329 1884 416 1976 ΨΜ
432 1886 587 1948 tandem?
644 1890 704 1948 TA.
721 1886 815 1968 Orat,
827 1897 862 1948 ut
878 1885 1029 1948 suadeam
1045 1884 1266 1964 Philolacheti,

198 1993 241 2057 Vt
265 1997 343 2059 istas
366 1998 513 2060 remittat
536 1997 608 2060 sibi.
680 2002 740 2060 ΤΗ.
765 1997 860 2059 Haud
883 1998 1007 2079 opinor.

198 2203 310 2258 whence
326 2205 387 2257 R—

198 2343 298 2398 Whas
375 2279 417 2328 ir.
443 2275 500 2328 Ero
521 2291 613 2328 servos
635 2275 802 2328 multimodis
823 2291 873 2328 suo
894 2274 971 2328 lidus.
1019 2276 1063 2327 Th.
1084 2273 1163 2328 Vnde
1183 2274 1224 2327 isi

446 2416 525 2469 Hero
545 2432 637 2469 servos
658 2416 774 2468 multum
793 2416 877 2469 fidelis
898 2430 957 2468 suo.

234 2501 276 2551 9⁷·
313 2487 387 2556 Quod
403 2486 451 2540 Ba.
512 2487 586 2556 Quod
602 2485 653 2539 Bb.
707 2488 761 2556 Quo
779 2487 828 2539 the
846 2486 946 2540 restof
955 2487 1002 2540 the
1015 2484 1096 2537 MSS.
1204 2494 1346 2536 urssaaas

196 2557 229 2622 A,
248 2556 302 2610 and
320 2574 351 2610 so
370 2556 404 2610 R.
458 2552 637 2611 miseras'the
655 2564 711 2610 rest
729 2556 762 2610 of
777 2557 825 2610 the
844 2557 923 2610 MSS.
1041 2555 1131 2622 adsero
1150 2554 1207 2607 AB.
1266 2556 1346 2625 affm

196 2626 245 2680 the
258 2635 323 2680 rest.
429 2630 601 2696 impetratum,
614 2644 645 2680 so
658 2626 719 2681 BD.

233 2703 275 2762 98.
312 2699 438 2763 destitisti,
451 2714 482 2750 so
500 2699 534 2750 all
554 2698 642 2762 MSS,
656 2698 793 2764 including
806 2699 839 2750 A.
895 2699 1012 2751 restitisti
1029 2697 1161 2750 hasbeen
1175 2695 1293 2762 adopted
1310 2696 1346 2763 by

197 2767 294 2820 almost
308 2768 341 2820 all
354 2768 416 2821 edd.
428 2769 503 2821 since
516 2768 673 2821 Lambinus.

232 2856 274 2902 99.
312 2850 491 2891 aaarorruu
511 2840 543 2891 A.
602 2838 666 2890 The
685 2845 740 2891 rest
759 2837 791 2890 ol
806 2838 853 2890 the
873 2837 953 2889 Mss,
972 2837 1039 2889 have
1061 2840 1139 2889 otium
1157 2848 1224 2901 erat,
1242 2837 1296 2889 and
1315 2853 1346 2889 so

234 2995 292 3030 100.
328 2977 420 3030 obtines
432 2978 477 3030 hoc
489 2978 536 3030 the
549 2978 629 3029 MSS.
700 2979 745 3029 buc
757 2977 848 3030 obtines
862 2977 970 3029 Camer.
984 2975 1062 3040 Vulg.
1172 2988 1233 3027 sues
1247 2977 1279 3027 A.

235 3065 293 3100 ror.
329 3049 437 3099 verbum
449 3049 502 3111 hoc,
515 3063 545 3098 so
558 3047 605 3099 the
619 3046 707 3111 MSS,
721 3046 859 3112 including
871 3048 904 3098 A.
976 3049 1020 3098 hoc
1033 3047 1141 3097 verbum
1156 3046 1190 3098 R.

235 3134 292 3169 102.
330 3129 658 3169 naupracruracrnasr
671 3118 705 3181 A,
718 3115 894 3169 andsowith
898 3116 982 3181 facile
992 3127 1029 3168 est
1043 3115 1156 3167 CDFZ.
1216 3118 1346 3182 autfactu

188 3212 273 3278 facile
284 3221 321 3262 est
334 3210 373 3262 Ba
403 3186 479 3279 (haut
492 3208 558 3279 Bb).
630 3211 701 3263 haud
714 3210 800 3276 facile
822 3222 860 3262 est
885 3211 994 3263 Camer.
1014 3210 1102 3275 Vulg,
1121 3211 1249 3277 omitting
1264 3214 1346 3278 fastu

198 3280 309 3416 andoegf·
330 3349 369 3403 iili
385 3351 464 3403 simul
479 3353 542 3404 haut
555 3352 628 3419 potui
647 3349 678 3402 B.
749 3350 802 3402 s‘IIs'c
819 3351 897 3402 simul
912 3361 937 3403 et
955 3351 1025 3403 haud
1035 3353 1109 3419 potui
1127 3350 1204 3403 CDF
1207 3352 1240 3404 Z.
1305 3311 1346 3405 iili

195 3425 283 3475 simitu
296 3422 348 3474 hau
357 3424 441 3491 potivs'
455 3421 489 3474 R.

235 3511 292 3557 104.
329 3493 398 3561 Quid
408 3511 472 3545 nunc
537 3493 594 3544 vise
605 3502 688 3560 specta
701 3490 787 3543 BCD.
854 3491 1052 3560 ernnuuvrs
1066 3503 1149 3542 vrsas
1161 3493 1194 3543 A.
1270 3505 1345 3547 ruo·

197 3575 438 3625 uso-anarrrurru
459 3565 492 3615 A.
564 3581 638 3630 usque
656 3561 678 3613 is
695 3560 812 3614 omitted
830 3561 857 3613 ln
874 3561 908 3613 all
923 3560 1004 3614 other
1017 3560 1106 3626 Mss,
1119 3560 1173 3612 and
1189 3563 1216 3614 in
1229 3562 1263 3614 all
1282 3564 1345 3618 edd.

196 3633 293 3769 bears?
304 3632 387 3773 ΚΑΒ(
402 3704 449 3756 duc
468 3724 515 3769 me,
532 3719 563 3756 so
584 3702 632 3755 the
650 3701 739 3767 MSS„
754 3701 891 3768 including
908 3703 940 3754 A.
1014 3704 1078 3771 Age,
1095 3704 1113 3766 s',
1130 3702 1189 3754 duce
1210 3724 1249 3757 me
1271 3704 1344 3758 RW.

196 3776 266 3827 Num
279 3774 330 3827 Bb.
402 3776 476 3828 Nunc
489 3773 591 3827 Bael).

235 3849 293 3897 106.
330 3856 414 3897 rasus
434 3846 467 3898 A.
538 3847 590 3913 ipse
607 3842 656 3894 the
677 3847 734 3894 rest
754 3840 786 3893 os
802 3841 850 3894 the
870 3840 949 3895 MSS.
970 3843 1023 3894 and
1042 3843 1090 3896 the
1110 3844 1172 3896 edd.
1192 3843 1288 3898 before
1310 3845 1344 3897 R.

197 3927 221 3968 te
255 3926 315 3967 anit
345 3914 376 3966 B.
426 3915 490 3967 The
525 3919 582 3966 rest
618 3911 651 3964 of
683 3911 731 3963 the
763 3911 842 3964 MSS.
873 3912 942 3964 omit
972 3922 1003 3964 te.
1124 3933 1216 3979 eccum,
1241 3931 1272 3967 so
1296 3916 1345 3968 the

105 4028 110 4036 .
198 3984 286 4049 MSS,
306 3990 404 4051 except
418 3986 451 4050 A,
464 3983 553 4038 which
570 3983 619 4036 has
637 3993 742 4035 ranno.
866 3985 977 4050 operitur
989 3982 1075 4035 CDF.
1148 3986 1300 4053 opperibitur
1312 3986 1343 4038 B.

195 4054 442 4193 mdgturdsdlis]
455 4135 566 4177 maestus
584 4135 630 4176 est.
674 4121 738 4174 The
751 4123 827 4175 word
844 4123 866 4174 is
885 4122 908 4174 is
926 4130 975 4174 not
987 4121 1072 4176 found
1091 4125 1117 4176 in
1130 4125 1178 4177 the
1192 4125 1279 4191 MSS,
1292 4127 1343 4179 but

196 4197 223 4251 in
242 4198 265 4248 A
285 4210 327 4247 we
345 4194 411 4247 read
429 4206 462 4246 sn
476 4234 483 4247 .
497 4233 504 4247 .
517 4232 524 4246 .
538 4200 742 4256 nassausasa,
760 4191 825 4244 with
842 4207 922 4259 space
941 4190 985 4245 sor
998 4193 1077 4246 three
1093 4194 1196 4261 letters,
1212 4197 1299 4250 hence
1317 4198 1340 4250 R

195 4266 375 4388 supplieshpgs
398 4263 581 4388 Wprpposep
589 4267 620 4317 is.
643 4262 862 4387 immittitu
936 4276 1032 4316 mustus
1046 4265 1077 4316 C.
1180 4287 1205 4320 se
1217 4269 1298 4333 hasce,
1311 4284 1342 4320 so

196 4337 293 4473 andeg.
329 4351 478 4460 Haidlgdu
499 4351 595 4459 Ἕω)
604 4352 800 4475 ορίπονξέἴῑὴε
815 4371 894 4457 MSS.
948 4405 1027 4459 Haud
1036 4407 1118 4459 hercle
1129 4411 1214 4477 opinor
1228 4408 1261 4462 R.
