3022 5498
226 393 268 456 14
544 372 698 436 PLAVTI
739 372 1048 437 MOSTELLARIA.

223 559 339 650 Quid?
362 560 496 624 “istaec
511 559 582 622 me”
598 560 632 624 id
654 579 709 625 cur
730 579 797 623 non
819 559 966 626 additum
986 559 1064 625 est?
1107 557 1233 622 Infecta
1253 555 1341 620 dona

352 670 447 736 facio.

222 787 376 853 Periisti:
406 785 491 868 quod
512 785 719 869 promiseram
740 785 803 848 tibi
824 783 922 870 dono,
944 782 1124 870 perdidisti.

268 901 323 964 So.
349 896 508 980 Equidem
532 895 585 979 pol
610 895 722 981 miror,
748 904 817 959 tam
841 904 962 980 catam,
987 904 1057 960 tam
1082 894 1212 960 doctam
1234 898 1327 956 teet

352 1009 434 1071 bene
455 1006 617 1090 eductam,

215 1118 305 1183 Non
327 1118 459 1182 stultam
480 1116 577 1181 stulte
599 1116 714 1181 facere.
813 1120 880 1182 ΡΗ.
903 1116 994 1205 Qin
1016 1135 1126 1201 mone,
1146 1132 1275 1199 quaeso,
1297 1113 1327 1175 si

352 1228 428 1312 quid
449 1247 530 1292 erro.
1327 1242 1369 1310 30

265 1343 321 1406 Sc.
343 1341 396 1405 Tu
417 1348 541 1404 ecastor
561 1357 658 1424 erras,
679 1356 758 1422 quae
779 1338 911 1422 quidem
933 1338 1025 1402 illum
1045 1346 1194 1424 expectes
1215 1354 1327 1419 unum,

351 1461 446 1535 atque
468 1451 519 1514 illi

221 1563 350 1627 Morem
372 1564 539 1647 praecipue
561 1562 610 1625 sic
631 1579 733 1645 geras,
755 1567 850 1643 atque
871 1560 953 1624 alios
973 1560 1161 1644 asperneris.

221 1673 406 1756 Matronae,
428 1691 496 1735 non
522 1672 740 1734 meretricium
761 1678 823 1753 est,
845 1689 944 1733 unum
968 1670 1123 1733 inservire
1150 1676 1325 1732 amantem.

263 1787 366 1848 Parc.
404 1782 486 1845 Proh
515 1779 649 1866 Iupiter,
679 1800 756 1845 nam
788 1780 872 1863 quod
904 1780 1026 1844 malum
1055 1788 1199 1845 vorsatur
1233 1797 1324 1843 meae

352 1892 440 1956 domi
464 1891 571 1957 iilud?

221 2002 268 2068 Di
290 2003 429 2085 deaeque
452 2021 566 2067 omnes
588 2021 640 2066 me
663 2003 819 2088 pessumis
840 2003 996 2088 exemplis
1019 2001 1228 2086 interficiant,
1326 2018 1368 2088 35

225 2114 305 2179 Nisi
342 2132 402 2197 ego
439 2113 529 2177 illam
566 2132 665 2177 anum
701 2113 893 2178 interfecero
929 2114 999 2198 siti,
1034 2114 1192 2196 fameque,
1228 2121 1324 2195 atque

351 2226 434 2309 algu.

258 2430 300 2480 ²7·
337 2415 475 2470 Thebest
491 2414 572 2469 MSS.
584 2414 689 2469 exhibit
705 2415 760 2469 this
777 2415 832 2470 line
848 2417 937 2471 under
953 2421 1096 2484 acorrupt
1114 2415 1195 2470 torm.
1231 2418 1301 2487 Quid
1315 2419 1368 2471 ista

220 2487 282 2563 haec
306 2505 346 2540 me
368 2505 433 2541 cura
458 2486 490 2540 B.
545 2488 616 2557 Quid
634 2488 687 2541 ista
704 2488 748 2540 hec
766 2488 852 2540 mer'd
874 2506 936 2540 cura
954 2486 1017 2540 CD.
1073 2488 1368 2557 Quidista...ecme

219 2554 266 2636 ’thr
278 2581 328 2635 nu.
382 2582 453 2651 Qua
467 2583 527 2634 uo.
545 2600 585 2633 me
601 2581 630 2633 a
646 2599 709 2635 cm
729 2580 761 2634 r.
815 2580 871 2632 we
889 2579 957 2633 have
976 2579 1101 2634 retained
1118 2579 1166 2633 ue
1179 2580 1260 2648 vug.
1279 2580 1369 2635 wueu

220 2668 236 2706 a
254 2651 387 2720 proaches
399 2652 500 2719 closely
512 2656 543 2704 to
557 2650 607 2704 Bb.
656 2651 681 2703 R
693 2650 767 2717 gives
780 2651 850 2719 Quid
860 2652 924 2703 “ita
933 2651 995 2705 haec
1007 2651 1071 2704 me¹’
1084 2670 1146 2720 quor
1157 2670 1206 2705 mon
1217 2652 1368 2705 additumt.

272 2722 321 2775 has
332 2723 402 2791 Quid
412 2723 429 2752 “
437 2724 477 2776 ita
488 2722 550 2774 haec
562 2720 622 2773 me'’
634 2722 663 2774 id
673 2739 720 2774 cur
731 2740 779 2774 non
791 2721 907 2774 additum
919 2731 965 2774 est.

257 2797 299 2846 28.
337 2794 373 2845 So
391 2792 440 2845 the
459 2790 549 2858 MSS,
568 2797 669 2860 except
686 2789 747 2844 that
765 2790 787 2843 B
806 2790 854 2844 has
871 2793 943 2844 Per.
957 2828 964 2844 .
978 2793 1033 2844 ,sti
1050 2790 1117 2844 with
1131 2806 1166 2844 an
1181 2806 1301 2858 erasure,
1313 2790 1368 2844 and

221 2884 274 2938 CD
287 2884 355 2938 hare
366 2885 441 2951 dona,
453 2884 533 2939 while
546 2884 586 2938 Ba
598 2884 645 2937 has
657 2867 730 2950 doni,
743 2885 791 2938 the
803 2886 960 2938 correction
972 2885 1055 2953 being
1066 2884 1139 2940 from
1148 2886 1197 2941 the
1215 2884 1274 2941 first
1282 2875 1368 2941 hand.

222 2954 385 3009 Rbrackets
396 2954 444 3008 the
457 2955 512 3009 line
523 2971 552 3008 as
563 2971 598 3008 an
611 2955 815 3025 interpolation.
852 2954 891 3007 W
903 2955 951 3009 has

398 3049 486 3104 Periit
503 3049 579 3119 quod
596 3050 651 3103 iam
668 3051 847 3120 promiseram
864 3051 924 3118 trhi,
942 3051 1015 3105 dona
1031 3050 1181 3121 perdidisti,

220 3140 309 3197 which
321 3143 343 3196 is
355 3157 371 3197 a
382 3142 456 3210 conj.
468 3142 501 3195 oi
510 3142 627 3198 Merula

258 3230 300 3279 ²9·
336 3224 423 3267 catam
436 3213 458 3266 is
469 3212 518 3266 the
530 3214 685 3268 correction
697 3212 730 3268 of
739 3213 812 3268 Pius
848 3214 913 3268 The
926 3215 1006 3270 MSS.
1018 3215 1087 3269 have
1098 3227 1210 3286 captam.
1311 3229 1367 3271 tam

220 3284 329 3336 doctam.
383 3294 439 3336 tam
456 3282 530 3337 docta
549 3283 597 3338 Ba.
703 3296 727 3339 te
743 3296 768 3339 et
785 3285 844 3339 berre
860 3287 985 3352 eductam,
998 3302 1029 3339 so
1043 3286 1152 3341 Camer.
1206 3285 1271 3341 The
1286 3286 1367 3341 MSS.

174 3404 182 3413 ,
220 3352 288 3407 have
301 3363 361 3407 teet
373 3353 432 3406 bene
442 3354 552 3408 doctam.
608 3352 719 3422 Rgives
730 3356 1107 3410 doctametbemeteeduetam.

258 3440 299 3488 30.
336 3424 395 3476 Nem
413 3423 531 3479 stultam.
567 3423 637 3479 This
654 3425 766 3493 reading
784 3427 807 3479 is
822 3425 909 3480 found
927 3427 955 3479 in
967 3426 1016 3480 the
1034 3426 1139 3494 margin
1154 3425 1187 3481 of
1201 3426 1234 3493 B,
1246 3426 1300 3481 and
1312 3442 1368 3482 was

220 3493 339 3561 adopted
358 3493 394 3562 by
413 3494 523 3548 Camer.
577 3495 636 3548 Non
652 3497 761 3550 staitam
780 3496 813 3551 Β.
872 3499 973 3552 noustai
991 3500 1054 3551 Tam
1073 3498 1105 3550 C.
1164 3509 1255 3551 nomm
1272 3499 1312 3550 itai
1329 3497 1367 3552 D.

220 3564 296 3616 Nosti
313 3565 342 3617 id
358 3574 414 3617 tam
434 3563 466 3617 F.
527 3565 586 3620 Non
603 3568 668 3620 scire
685 3577 710 3622 te
726 3568 803 3621 stulte
821 3567 855 3620 Z.
917 3568 992 3622 Nunc
1009 3567 1118 3622 stultam
1135 3567 1211 3622 stulte
1229 3567 1311 3621 Both.
1332 3566 1367 3621 R.

219 3634 279 3687 Nun
290 3636 355 3687 scire
365 3633 441 3688 stulte
453 3633 500 3688 W.

257 3720 298 3769 31.
334 3716 444 3774 expectes
462 3704 575 3762 BCDZ.
660 3717 757 3777 exoptes
783 3707 807 3761 is
830 3722 847 3760 a
872 3704 945 3775 conj.
964 3705 996 3761 oi
1011 3706 1125 3774 acidal,
1143 3707 1197 3761 and
1222 3706 1269 3762 has
1294 3707 1368 3762 been

218 3774 338 3842 adopted
350 3775 386 3843 by
401 3775 435 3828 R.

257 3861 298 3909 3²·
331 3847 446 3915 precipue
463 3844 521 3899 BC.
626 3849 768 3916 asperneris
787 3845 889 3901 BbFZ.
942 3858 1085 3918 aspernens
1104 3846 1208 3902 BaCD.
1261 3859 1367 3918 aspern-

218 3933 260 3968 ere
278 3914 313 3968 R.
358 3934 363 3944 ·

258 4001 299 4048 33.
336 3994 451 4038 matrone
469 3984 520 4039 Bb.
626 3987 795 4040 meretricium
815 3986 889 4040 BaZ.
967 3989 1137 4043 mermitr'um
1155 3987 1209 4042 Da.
1286 4006 1367 4041 mere·

220 4055 325 4107 ericium
338 4055 370 4108 C.
425 4056 584 4109 meretricum
597 4053 673 4111 BbF.
727 4059 869 4111 meretricis
882 4057 983 4126 Guyet.
997 4057 1032 4112 R.

259 4141 300 4188 34.
336 4125 507 4178 versaturall
521 4126 569 4179 the
582 4125 662 4180 MSS.
769 4146 839 4181 meae
850 4127 918 4181 domi
935 4127 1173 4196 illud‚sossamer.
1209 4125 1274 4181 The
1286 4126 1368 4182 MSS.

220 4192 289 4247 have
302 4213 358 4247 mea
370 4194 496 4249 edomillri.

217 4346 248 4402 pt
259 4281 271 4328 3
275 4280 300 4347 5.
315 4335 320 4346 Ι
337 4281 522 4389 οᾶνῖιιηὲἷιεηιῦἔέ
534 4265 582 4320 the
595 4266 685 4335 MSS,
697 4272 797 4338 except
810 4267 867 4334 Ba,
879 4266 968 4323 which
981 4268 1062 4324 omits
1074 4288 1121 4326 me.
1182 4287 1223 4322 me
1234 4287 1316 4323 omnes
1332 4267 1366 4322 R.

247 4352 333 4387 sumu
525 4374 532 4388 .

258 4406 299 4470 36.
334 4405 397 4476 algu
408 4404 440 4460 B.
495 4405 671 4462 Therettot'
679 4407 727 4462 the
740 4406 821 4463 MSS.
833 4407 978 4479 havegelu.
