3022 5498
364 884 371 898 ⁴
516 883 650 945 ACTVS
679 886 702 945 1.
760 886 893 945 SCENA
921 886 973 946 IV.

212 1072 277 1134 Da.
306 1068 436 1151 Semper
460 1070 543 1159 istoc
566 1071 661 1133 modo
684 1081 836 1155 moratus,
858 1074 938 1150 vita,
960 1071 1185 1134 debebas-

215 1183 277 1244 CA.
306 1178 409 1243 Visne
431 1200 490 1264 ego
512 1190 545 1245 te
568 1201 606 1246 ac
629 1190 663 1244 tu
687 1202 739 1245 me
761 1184 977 1267 amplectere?

213 1294 278 1354 DE.
308 1289 341 1355 Si
364 1291 428 1355 tibi
452 1292 539 1356 cordi
562 1303 612 1355 est
634 1293 750 1377 facere,
775 1295 860 1358 licet.
929 1299 990 1359 CA.
1022 1294 1144 1378 Lepida
1165 1315 1210 1358 es.
1276 1315 1315 1359 ιο

168 1401 261 1465 Duce
283 1421 347 1486 me,
369 1404 493 1465 amabo,
558 1408 624 1466 Da.
654 1403 745 1467 Cave
769 1426 809 1468 ne
832 1406 935 1469 cadas.
981 1408 1072 1468 Asta.

215 1517 276 1578 CA.
303 1513 375 1578 Oh!
404 1514 465 1578 oh!
495 1515 615 1578 ocellus
638 1535 673 1578 es
696 1535 807 1598 meus;
837 1532 908 1580 tuus
934 1538 1004 1580 sum
1026 1519 1184 1601 alumnus,
1207 1518 1270 1581 mel

300 1646 418 1693 meum.

212 1742 277 1802 Da.
307 1738 398 1802 Cave
421 1737 527 1821 modo,
552 1758 593 1800 ne
616 1740 703 1822 prius
725 1741 761 1801 in
784 1741 838 1802 via
859 1739 1039 1823 accumbas,

169 1847 275 1936 Qam
298 1849 361 1933 illi,
384 1851 439 1912 ubi
463 1849 564 1912 lectus
586 1858 635 1912 est
657 1858 788 1933 stratus,
811 1852 945 1914 coimus.

214 1964 275 2025 CA.
299 1959 376 2025 Sine
397 1962 471 2024 sine
492 1961 604 2023 cadere
625 1980 686 2024 me.
745 1966 810 2024 DE.
832 1961 920 2024 Sin0.
982 1965 1042 2025 CA.
1065 1961 1125 2023 Sed
1147 1971 1179 2023 et
1200 1962 1271 2044 hoe,

296 2071 380 2152 quod
403 2073 485 2134 mihi
508 2074 544 2135 in
567 2091 665 2136 manu
687 2084 745 2137 est.
1274 2091 1313 2158 15

211 2186 276 2245 DE.
305 2182 339 2246 Si
362 2183 468 2268 cades,
491 2202 558 2246 non
579 2184 685 2268 cades,
707 2187 788 2268 quin
811 2185 923 2249 cadam
945 2195 1061 2248 tecum.

168 2292 312 2356 iacentis
333 2294 427 2357 tollet
449 2305 562 2378 postea
584 2315 643 2358 nos
666 2298 777 2359 ambos
799 2296 924 2378 aliquis.

167 2402 281 2468 Madet
303 2405 409 2468 hom0.
500 2411 561 2471 CA.
584 2407 671 2470 Tun'
695 2428 746 2471 me
767 2410 817 2472 ais
840 2410 1129 2473 ma-ma-madere?

203 2627 228 2676 8.
264 2624 301 2677 So
320 2623 369 2677 the
389 2623 478 2692 MSS„
499 2633 598 2694 except
617 2626 678 2680 that
698 2626 763 2695 they
785 2626 853 2680 have
874 2629 938 2692 vite,
958 2627 1071 2679 whence
1093 2628 1186 2679 vivere
1209 2625 1312 2679 debebas

165 2692 275 2748 Camer.
288 2692 369 2761 Vulg.
384 2694 431 2749 W.
487 2695 608 2749 Rhas-
1353 2717 1358 2723 ·

462 2793 576 2862 Semper
593 2793 662 2847 istoc
680 2793 763 2846 rnodo
784 2792 866 2862 [tute]
886 2793 1017 2845 moratu's

461 2881 477 2911 s
514 2882 531 2913 rr
567 2880 584 2911 u
620 2883 637 2914 rr
673 2864 736 2930 vita,
755 2863 883 2916 debebas

202 2975 228 3024 9.
264 2956 361 3011 sothe
373 2956 455 3013 MSS.
491 2958 724 3013 Camer.bastute
736 2959 843 3012 instead
855 2956 887 3010 of
896 2968 924 3010 tu
963 2955 1226 3025 amplectarePylad.
1262 2965 1315 3007 tute

165 3027 453 3099 memrprkxare'Vulg.
491 3029 612 3082 Rhas-

448 3122 531 3175 Visne
549 3139 601 3191 ego
619 3130 648 3176 te
666 3139 698 3176 ac
717 3130 748 3175 tu
766 3122 830 3175 med
848 3122 1022 3190 amplectere.

203 3234 246 3271 10.
279 3219 349 3271 cordi
362 3218 395 3271 Z.
448 3219 521 3271 corde
531 3219 579 3271 the
592 3218 672 3272 MSS.
717 3218 810 3285 facere
820 3219 890 3270 cordi
900 3227 938 3270 est
950 3216 1050 3269 Herm.
1064 3214 1098 3268 R.

204 3304 245 3343 rr.
280 3289 352 3342 Duce
362 3289 410 3341 the
423 3288 504 3342 MSS.
558 3288 647 3341 Bhas
666 3304 701 3340 no
720 3287 801 3341 blank
820 3294 848 3341 at
864 3288 911 3340 the
924 3287 1070 3353 beginning
1084 3301 1113 3338 as
1126 3283 1152 3336 R
1164 3284 1246 3350 gives,
1259 3282 1310 3335 but

167 3359 238 3412 Duce
246 3358 377 3427 probably
387 3357 501 3412 afteran
510 3374 619 3412 erasure
632 3358 665 3410 os
674 3361 748 3412 Duu.
758 3357 879 3412 inserted
891 3358 927 3425 by
940 3354 1063 3410 mistake.
1100 3357 1158 3408 Duc
1168 3354 1266 3406 Herm.
1277 3351 1311 3405 R.

204 3445 246 3483 12.
281 3428 351 3481 This
368 3445 481 3497 appears
499 3429 561 3481 thus
580 3429 606 3481 in
626 3429 770 3482 132-Db0
789 3468 796 3482 .
814 3428 910 3493 ocellus,
923 3435 986 3493 etc.‚
1001 3427 1048 3479 the
1065 3427 1147 3479 letter
1158 3426 1188 3477 D
1199 3424 1309 3476 written

165 3513 203 3551 on
220 3515 255 3552 an
272 3514 391 3563 erasure,
403 3499 451 3551 the
469 3499 571 3551 second
590 3499 673 3553 letter
685 3499 796 3565 erased3
815 3499 887 3553 after
898 3498 965 3552 D.bo
982 3514 1017 3550 an
1032 3512 1142 3550 erasure
1157 3495 1223 3548 with
1240 3492 1310 3546 faint

164 3573 255 3623 traces
276 3567 309 3621 of
324 3585 359 3622 an
378 3568 391 3620 1
407 3584 440 3621 or
459 3570 484 3623 h.
520 3569 593 3622 Two
614 3569 781 3647 dotsvunder
799 3569 847 3623 the
866 3568 968 3623 second
989 3588 1005 3620 u
1024 3568 1051 3620 in
1070 3585 1152 3631 suum,
1170 3581 1210 3631 so,
1228 3582 1311 3631 suarm.

165 3638 224 3692 oh!
241 3640 290 3692 oh!
307 3639 394 3692 ocellus
408 3638 430 3691 F
434 3640 466 3692 Z.
520 3640 586 3693 oho
598 3640 698 3692 hocelles
712 3641 745 3695 C.
798 3641 970 3693 Ohohocelleus
984 3640 1021 3692 D.
1131 3636 1169 3689 W
1182 3635 1311 3689 brackets

165 3709 217 3761 nrel
227 3728 318 3762 meum.

204 3795 245 3844 13.
281 3779 303 3831 B
316 3779 365 3831 has
377 3794 393 3831 a
405 3778 454 3832 red
465 3779 520 3831 line
532 3795 598 3832 over
610 3780 657 3832 the
670 3799 686 3832 u
699 3781 726 3832 in
738 3780 854 3833 acribus.

203 3884 244 3930 14·
278 3865 393 3918 ilIiCD.
445 3858 494 3918 illr‘
503 3865 535 3919 B.
571 3867 635 3918 The
650 3886 662 3918 c
679 3866 767 3919 added
783 3867 818 3933 by
836 3867 894 3919 first
908 3866 989 3920 hand.
1043 3865 1095 3918 illic
1110 3865 1156 3917 FZ
1170 3864 1250 3931 Vulg.
1261 3864 1308 3918 W.

163 3936 240 3991 lectus
251 3947 305 4003 est,·
322 3936 370 3988 the
383 3936 462 3988 MSS.
475 3936 542 3988 have
554 3936 628 3990 lectus
641 3956 675 4002 es,
688 3938 777 3989 unless
790 3937 867 3990 there
880 3938 901 3989 is
913 3953 929 3989 a
941 3937 1064 4003 misprint
1077 3936 1104 3987 in
1119 3936 1153 4001 R,
1166 3934 1229 3987 who
1241 3934 1309 3987 does

165 4015 215 4060 not
232 4008 324 4059 notice
341 4006 389 4059 the
408 4007 549 4074 variation.
655 4018 753 4060 stratus
772 4010 863 4060 coimus
881 4007 937 4060 BC.
991 4017 1085 4057 cotmus
1105 4005 1157 4058 Da.
1210 4015 1308 4057 stratus

164 4097 208 4131 nos
220 4078 311 4130 coimus
325 4076 424 4129 Herm.
437 4093 473 4128 on
486 4077 558 4145 conj.
615 4077 638 4128 R
652 4078 738 4145 prints
749 4088 847 4131 stratus
863 4076 928 4144 [nos]
942 4079 1042 4128 coimus.

204 4164 244 4213 15.
280 4148 337 4200 Sine
354 4149 415 4211 sine,
434 4163 466 4199 so
484 4146 532 4200 the
550 4147 629 4201 MSS.
684 4148 721 4198 W
740 4149 822 4199 omits
840 4147 887 4199 the
905 4145 1007 4198 second
1025 4147 1085 4197 sine.
1191 4145 1249 4196 Sino
1266 4143 1312 4195 sed

164 4227 190 4270 et
197 4219 253 4321 poc,
268 4234 300 4269 so
313 4218 422 4272 Camer.
477 4217 499 4268 B
513 4216 560 4271 has
571 4221 633 4283 sr'no,
646 4219 712 4270 then
731 4233 747 4270 a
765 4218 847 4270 letter
859 4214 1005 4285 (probably
1016 4214 1044 4284 s)
1057 4212 1229 4280 obliterated,
1242 4213 1308 4266 then

163 4338 226 4383 set.
280 4329 490 4398 SinosdrhocC.
544 4330 596 4383 Sin.
609 4331 648 4398 s&
660 4330 705 4381 hoc
717 4328 754 4381 D.
810 4327 931 4380 Rhas-

236 4425 302 4478 call.
322 4425 384 4476 Sine
396 4425 453 4476 sine
467 4425 566 4479 cadere
578 4441 631 4478 me.
686 4425 745 4479 Del.
764 4425 837 4478 Sino.
891 4422 955 4476 Call.
975 4425 1022 4475 Set
1037 4420 1085 4495 [ne
1099 4419 1170 4493 sine]
1185 4422 1238 4477 hoc

340 4495 415 4563 quod
427 4495 465 4547 mi
478 4496 505 4548 in
518 4503 634 4548 manust.

164 4608 243 4643 manu
258 4589 315 4642 FZ.
368 4608 459 4641 manus
473 4589 559 4642 BCD.

203 4663 243 4712 16.
278 4678 326 4712 non
344 4659 416 4711 cades
434 4662 492 4727 quin
507 4659 563 4712 FZ.
617 4678 664 4712 non
682 4658 764 4743 eludes
782 4658 885 4726 quinB.
939 4678 987 4711 non
1003 4659 1079 4713 dades
1096 4677 1161 4727 quun
1175 4659 1207 4712 C.
1261 4679 1310 4713 non

164 4728 341 4797 cladesquer'n
355 4729 392 4781 D.

204 4815 245 4861 17.
282 4798 378 4851 Sothe
391 4798 471 4851 MSS.
517 4802 628 4870 jacentis
642 4797 831 4867 (acc.)Band
844 4800 892 4852 the
904 4805 969 4851 rest.
1083 4798 1157 4851 ambo
1171 4799 1260 4852 Herm
1274 4798 1309 4852 R.

165 4868 240 4921 Tollet
251 4871 358 4921 iacentes
366 4880 424 4938 post
436 4869 484 4922 W.

202 4944 243 4992 18.
279 4942 330 4991 ‘Tun
343 4942 442 5003 metris,
461 4956 491 4991 so
505 4940 631 5004 Scaliger.
685 4942 737 4992 ‘Tun
750 4947 804 4991 mea'
824 4979 830 4991 .
848 4941 870 4990 is
884 4938 914 4993 B.
970 4943 1021 4991 ‘Tun
1033 4946 1089 4991 med
1100 4941 1143 4989 vr's
1157 4937 1208 4992 Bb.
1245 4936 1308 4991 The

728 5049 747 5092 E
