3022 5498
282 341 323 403 88
609 346 762 407 PLAVTI
791 348 1097 411 MOSTELLARIA.

327 533 387 601 ΤΗ.
421 527 611 592 Interimam
648 530 754 594 hercle
799 534 861 619 [te]
896 551 968 616 ego,
998 534 1027 595 si
1063 533 1158 596 vivo!
1228 538 1289 598 CA.
1321 533 1385 598 Fac

412 643 511 704 istam
533 651 682 706 cunctam
702 645 861 726 gratiam:

278 752 440 816 Tranioni
463 755 605 837 remitte,
628 772 757 839 quaeso,
779 757 862 820 hanc
886 757 1015 819 noxiam
1038 776 1133 821 causa
1154 775 1235 820 mea

327 869 388 928 ΤΗ.
415 865 514 929 Aliud
536 867 664 949 quidvis
685 869 840 951 inpetrari
863 889 883 932 a
905 888 957 931 me
979 869 1107 932 facilius
1128 869 1297 955 perferam,

280 975 388 1061 Qam
415 985 538 1039 utnon
565 996 624 1059 ego
651 980 750 1042 istum
774 998 831 1063 pro
857 981 925 1042 suis
952 979 1048 1044 factis
1074 983 1232 1063 pessumis
1256 999 1382 1063 pessum

410 1106 561 1170 premam.

327 1202 388 1261 Ca.
417 1197 520 1261 Mitte
541 1218 670 1283 quaeso,
693 1201 809 1263 istunc.
873 1204 933 1264 ΤΗ.
963 1200 1063 1282 Hem,
1083 1201 1204 1285 viden’,
1226 1210 1261 1264 ut
1284 1210 1383 1265 restat

411 1309 563 1374 furcifer?
1384 1332 1426 1398 50

326 1424 387 1484 CA·
410 1420 547 1505 Trani0,
569 1424 711 1507 quiesce,
738 1425 767 1486 si
798 1424 895 1507 sapis.
974 1430 1036 1488 ΤΗ.
1068 1425 1121 1489 ΤΗ
1147 1426 1275 1507 quiesce
1301 1427 1383 1489 hanc

410 1551 477 1594 rem
499 1533 596 1596 modo
1297 1595 1300 1600 .

280 1642 391 1705 Petere
403 1670 413 1722 3
443 1662 502 1726 ego
524 1644 616 1706 illum
638 1646 834 1728 verberibus,
856 1654 891 1708 ut
915 1647 959 1708 sit
982 1648 1122 1730 quietus,
1145 1648 1308 1729 subegero.

327 1758 388 1817 CA.
419 1752 517 1815 Nihil
542 1772 621 1836 opus
651 1763 701 1817 est
731 1755 883 1838 profecto.
938 1756 1007 1839 Age
1037 1757 1114 1841 iam,
1144 1759 1214 1820 sine
1244 1758 1299 1821 ted
1329 1780 1384 1823 ex-

409 1882 539 1925 orarrer.

328 1980 388 2039 ΤΗ.
417 1975 507 2038 Nolo
533 1995 613 2038 ores.
679 1981 740 2041 CA·
767 1977 897 2065 Qaeso
921 1979 1036 2045 hercle.
1105 1986 1165 2044 ΤΗ.
1199 1981 1301 2065 ΝοΙο,
1332 1983 1382 2045 in-

410 2107 517 2171 quam,
539 2107 619 2153 ores,
680 2093 742 2153 CA.
764 2090 973 2173 Nequiquam
996 2094 1108 2154 nevis:

318 2432 361 2493 4⁶·
397 2431 546 2481 interemam
560 2428 608 2481 Ba.
714 2427 794 2480 hercle
812 2437 843 2492 te,
862 2443 893 2480 so
912 2426 994 2483 Both.
1008 2427 1082 2480 RW.
1137 2426 1200 2479 The
1216 2427 1296 2479 MSS.
1308 2427 1376 2479 omit
1394 2439 1425 2480 te.

280 2519 324 2568 ego
342 2502 458 2552 si'vivo.
507 2499 559 2575 CA.
580 2499 631 2552 Fac
650 2500 737 2563 istam,
756 2514 788 2551 so
805 2499 914 2551 Camer.
981 2516 1026 2566 ega
1044 2497 1121 2551 suiba.
1170 2498 1222 2550 CA.
1244 2498 1373 2549 facistam
1387 2499 1426 2550 Ba

282 2610 347 2680 (but
360 2609 402 2661 Bb
416 2609 464 2662 has
477 2577 570 2681 aiio).
632 2629 676 2679 ego
692 2609 761 2662 suibo
769 2609 843 2675 sacis
863 2620 919 2663 tam
936 2610 969 2663 C.
1028 2628 1072 2679 ego
1090 2609 1270 2676 suibofacista
1287 2609 1324 2663 D.
1382 2627 1426 2677 ego

282 2699 350 2752 iubeo
354 2699 405 2766 sac
417 2699 496 2750 istam
510 2698 568 2752 FZ.

319 2785 362 2833 47.
398 2770 517 2822 Tranioni
534 2770 633 2821 remitte
650 2786 721 2835 queso
739 2767 822 2822 BFZ.
882 2769 1001 2820 ‘Tranioni
1019 2770 1119 2820 remitte
1138 2770 1237 2820 remitte
1255 2785 1344 2835 quaeso
1363 2765 1426 2818 CD.

283 2841 402 2892 Tranioni
413 2841 467 2892 iam
479 2841 586 2903 remitte,
599 2839 725 2904 omitting
736 2857 825 2906 quaeso
838 2836 872 2890 R.

320 2915 363 2973 48.
398 2930 416 2962 a
441 2928 481 2961 me
496 2909 604 2976 facilius
625 2910 767 2978 perferam,
795 2924 826 2960 so
850 2907 897 2960 the
922 2907 1003 2961 MSS.
1063 2908 1197 2977 perferam
1220 2926 1239 2959 a
1262 2925 1302 2958 me
1316 2904 1426 2972 facilius

284 2980 365 3114 Bogii.
379 2979 436 3101 Rio
450 3050 558 3102 Camer.
569 3049 647 3115 Vulg.
701 3047 766 3101 The
779 3047 860 3102 MSS.
873 3063 919 3101 are
932 3064 997 3117 very
1010 3055 1130 3116 corrupt,
1143 3047 1319 3100 thus-Mitte
1332 3064 1377 3113 que
1390 3047 1425 3097 sis

284 3131 337 3172 tum
352 3158 358 3171 .
371 3120 460 3172 vident
484 3130 513 3172 ut
536 3129 617 3171 restat
632 3119 750 3186 furcifer
773 3118 822 3171 Ba.
876 3120 953 3171 Mitte
976 3122 1053 3186 queris
1078 3117 1276 3173 tume.⁴uiden.
1293 3127 1321 3168 ut
1345 3125 1427 3167 restat

274 3207 392 3275 furcifer
403 3206 454 3260 Bb.
508 3207 613 3274 iulittaq,·
629 3208 665 3258 sis
681 3216 749 3258 turne
764 3206 841 3258 viden
857 3216 885 3257 ut
902 3216 984 3259 restat
990 3206 1107 3273 furcifer
1119 3207 1152 3260 C.
1208 3205 1285 3256 Mitte
1300 3205 1379 3270 queris
1398 3212 1426 3255 tu

830 3283 887 3307 sem

285 3338 324 3371 me
341 3318 418 3371 viden
436 3327 464 3369 ut
482 3328 563 3370 restat
571 3317 688 3385 furcifer
699 3315 770 3385 Da(
814 3319 849 3369 sis
862 3326 890 3368 tu
902 3335 941 3369 me
953 3315 1022 3385 Dc).
1076 3316 1135 3369 ΤΗ.
1152 3316 1231 3369 Mtte
1246 3333 1316 3384 queso
1333 3324 1361 3367 tu
1378 3332 1426 3366 me.

285 3390 341 3443 Tu.
362 3389 437 3442 Viden
450 3398 479 3440 ut
489 3399 570 3441 restat
573 3388 689 3456 furcifer
702 3388 749 3440 FZ
780 3389 864 3441 Vsdem
878 3386 926 3456 Z).
980 3385 1102 3439 Rhas—

355 3486 402 3537 Ca.
421 3483 504 3536 Mitte
522 3498 624 3550 quaeso
642 3483 732 3537 istum.
786 3483 830 3537 Th.
850 3480 943 3551 [illum
961 3487 992 3534 ut
1010 3479 1130 3551 mittam]
1149 3480 1229 3534 viden
1247 3486 1278 3532 ut
1296 3485 1366 3533 astat

459 3553 572 3607 furcifer
581 3556 591 3607 t

284 3626 321 3676 W
335 3626 417 3678 has-

353 3729 395 3778 tr.
412 3723 504 3788 Mitte,
517 3737 627 3791 quaeso,
640 3723 683 3788 sis,
695 3729 725 3775 tu
738 3720 810 3774 med.
847 3721 892 3774 Th.
908 3720 993 3785 Hem,
1002 3719 1090 3773 viden'
1104 3725 1134 3771 ut
1147 3723 1231 3771 restat
1242 3715 1364 3770 furcifer.

319 3847 361 3894 51.
399 3831 435 3881 So
449 3829 557 3881 Camer.
567 3826 646 3893 Vulg.
659 3826 705 3879 W.
743 3824 821 3876 Here
839 3823 916 3891 again
932 3823 980 3875 the
999 3821 1079 3875 MSS.
1095 3837 1142 3874 are
1160 3828 1281 3887 corrupt.
1334 3820 1427 3871 Tranio

282 3927 325 3992 qui
347 3942 399 3975 esse
422 3925 499 3992 sapis.
548 3920 608 3974 ΤΗ.
629 3923 665 3972 ‘Tu
688 3922 730 3988 qui
752 3903 804 3972 essi
822 3918 855 3972 B.
908 3920 1000 3971 Tranio
1023 3919 1115 3985 quiesse
1137 3917 1206 3985 sapis
1231 3925 1259 3967 tu
1282 3916 1373 3982 quiesce
1393 3913 1426 3965 C.

283 4013 375 4063 Tranio
399 4011 453 4092 quiq
477 4008 503 4060 e“e
526 4010 594 4078 sapis
619 4019 647 4060 tu
670 4009 763 4076 quiesce
787 4006 823 4059 D.
879 4005 904 4057 R
925 4005 972 4058 has
993 4006 1044 4058 CA.
1066 4006 1167 4069 Tranio,
1185 4006 1209 4056 si
1229 4003 1307 4071 sapis,
1326 4002 1426 4070 quiesce.

282 4082 547 4218 Tqffuqusoes'cleium
568 4149 600 4202 B.
706 4147 853 4201 verberibus
874 4158 901 4199 ut
918 4149 953 4200 sit
973 4148 1076 4214 quietus,
1095 4161 1126 4197 so
1145 4144 1192 4197 the
1212 4144 1292 4196 MSS.
1348 4151 1375 4193 ut
1393 4141 1443 4191 sit*

281 4225 375 4291 quietus
388 4221 534 4274 uerberibus
547 4218 650 4272 Acidal.
664 4219 698 4272 R.
753 4217 899 4270 uerberibus
912 4228 939 4268 ut
951 4220 1044 4285 quietus
1056 4218 1090 4269 sit
1103 4216 1149 4268 W.

319 4310 333 4357 5
339 4310 362 4358 3.
399 4290 447 4344 Nil
463 4304 520 4362 opus
538 4302 576 4343 est
588 4291 710 4360 panerio,
732 4289 808 4341 FZR
821 4289 908 4353 assign
921 4287 997 4340 these
1010 4286 1100 4340 words
1112 4293 1143 4339 to
1157 4285 1270 4337 Tranio.
1378 4281 1426 4345 ted,

282 4361 656 4431 mmm.afflMffi

320 4452 362 4499 54.
398 4436 499 4502 iuquam
513 4453 565 4486 ores
580 4433 636 4485 BC.
690 4433 792 4498 inquam
806 4449 875 4482 oracs
891 4429 926 4483 D.
980 4432 1082 4495 inquam
1096 4446 1154 4479 aras
1170 4425 1226 4478 FZ.
