3022 5498
215 338 244 399 lx
626 336 953 400 PROLEGOMENA.

258 520 356 579 There
377 521 401 578 is
420 518 531 595 usually
544 536 563 577 a
576 518 698 577 division
717 518 752 577 ol
768 517 817 577 tlte
830 534 912 577 verse
933 528 962 576 at
981 516 1030 575 the
1050 514 1109 573 end
1128 512 1163 573 ol
1179 512 1227 572 the
1248 513 1360 572 second

217 617 288 688 loot,
305 636 339 676 as
357 618 388 675 in

483 710 655 771 Recordatur
676 713 791 770 mutarn
812 718 838 770 et
860 712 874 787 ΙΙ
894 712 943 769 drie
963 712 1090 787 cogitavi,

215 861 267 919 but
286 860 343 920 this
363 862 387 919 is
407 871 459 919 not
478 859 587 936 strictly
600 858 750 929 observed,
767 877 809 929 as,

414 1006 576 1065 Auscultate
596 1011 759 1081 argumenta
778 1005 844 1062 darre
863 1005 923 1062 dr'ce
941 1005 983 1063 ad
999 1004 1072 1063 hanc
1091 1023 1155 1062 rerrt.

256 1164 323 1222 The
342 1162 489 1236 following
510 1178 634 1237 passage
648 1159 703 1218 bill
717 1158 812 1218 afford
831 1177 849 1217 a
867 1160 949 1235 good
962 1160 1096 1236 example
1111 1158 1145 1218 ol
1162 1179 1180 1219 a
1199 1172 1308 1237 system
1328 1160 1363 1219 ol

214 1260 359 1321 Bacchiae
373 1260 578 1319 Tetrameters.
623 1257 650 1316 It
671 1260 695 1316 is
721 1257 796 1316 stom
817 1256 907 1315 Poen.
931 1257 953 1316 1.
976 1258 1003 1316 ii.
1025 1276 1050 1328 t,
1072 1257 1131 1316 and
1152 1277 1195 1317 we
1219 1259 1292 1318 have
1314 1259 1358 1319 lor

213 1358 263 1418 the
281 1370 359 1419 most
378 1368 442 1435 part
460 1356 614 1433 preserved
634 1356 682 1414 the
696 1354 822 1431 Vulgate
843 1364 912 1413 text.
956 1354 1046 1413 Some
1067 1355 1102 1414 os
1118 1355 1169 1414 the
1190 1356 1264 1415 lines
1285 1356 1358 1416 have

212 1459 287 1517 been
302 1455 463 1531 differently
477 1453 621 1529 arranged
635 1453 674 1530 by
689 1452 845 1511 Hermann
859 1453 889 1510 in
902 1451 948 1511 his
961 1451 1115 1512 Elementa
1129 1452 1167 1511 D.
1178 1452 1221 1512 M.
1236 1452 1301 1512 Lib.
1317 1453 1356 1512 11.

213 1574 277 1631 cap.
294 1573 373 1630 23-

373 1675 480 1754 Negoti
495 1676 553 1733 sibi
568 1677 621 1751 qui
637 1674 707 1732 volet
725 1675 781 1731 vira
796 1683 912 1750 parare,

376 1774 486 1833 Navem
505 1779 532 1830 et
549 1772 711 1830 mulr'erem*
728 1772 795 1830 haec
807 1773 860 1829 duo
877 1772 936 1830 sibi
950 1781 1113 1848 comparato,

375 1872 456 1931 Nam
477 1871 569 1929 nullae
589 1872 680 1947 magri
700 1890 744 1930 res
763 1871 833 1927 dirae
845 1870 914 1946 pleer
934 1872 1026 1947 negoti

373 1970 494 2040 Habent,
505 1969 587 2046 sorte
606 1971 635 2026 si
651 1972 780 2045 occeperis
800 1985 949 2039 exornare,

373 2068 469 2145 Neque
488 2085 618 2143 umquam
638 2074 684 2125 rat
703 2066 794 2125 istael
812 2066 881 2123 duae
902 2084 946 2123 res
965 2073 1113 2138 emantur,

371 2165 467 2241 Neque
487 2167 525 2223 eis
545 2166 605 2223 ulla
625 2166 748 2223 ornandi
763 2167 832 2222 satis
851 2165 987 2233 sati'etasss
1007 2172 1052 2221 est.

372 2263 464 2339 Atque
483 2263 549 2320 daec
569 2270 601 2319 ut
619 2262 715 2338 loquor
735 2280 808 2320 neree
828 2261 924 2332 doerit
944 2262 1021 2320 docta
1040 2262 1107 2331 dice,

372 2359 451 2418 Nom
469 2379 518 2418 nos
535 2378 619 2435 usque
635 2360 671 2418 ab
688 2378 797 2417 aurora
815 2360 855 2417 ad
868 2359 918 2416 hoe
934 2361 1008 2434 quad
1021 2360 1078 2417 dr'ee'
1091 2366 1131 2418 est

368 2457 425 2517 Ex
446 2459 585 2515 industria
606 2457 702 2515 ambae
721 2475 871 2532 reumqream
891 2457 1096 2532 concessamrerll

370 2555 487 2615 lavari
504 2565 555 2614 aut
561 2556 682 2633 fricari
698 2561 751 2612 aut
768 2556 875 2632 tergeri
892 2560 944 2612 aut
960 2557 1066 2613 ornari

368 2654 472 2724 Polirr',
490 2654 620 2729 expolire,
635 2655 728 2729 pingi,
741 2653 829 2729 fingi,
848 2660 874 2709 et
892 2672 949 2711 rena

368 2750 461 2809 Birrae
480 2751 601 2827 sr'ngulr's
619 2769 689 2826 quae
708 2750 789 2807 datae
808 2750 884 2808 nobil
903 2751 1082 2822 ancill(ae)ll

371 2848 431 2907 Eae
451 2867 499 2907 nos
519 2848 646 2918 lavando,
665 2848 822 2918 eluendo,**
842 2858 951 2924 operam
973 2848 1066 2906 dedere
1085 2847 1171 2919 (Ad)

371 2946 559 3022 -gerrerrdaque
577 2964 651 3020 aqua
672 2951 738 3002 sunt
756 2945 818 3002 rri'ri
834 2946 886 3002 dieo
906 2945 1011 3023 defessi.

368 3042 807 3118 Apages1t††mgoriquanrum
827 3044 859 3099 r'n
879 3042 1032 3117 mulr'eressss
1052 3062 1109 3101 una
1128 3050 1186 3110 est,·

367 3138 428 3197 Sed
444 3156 507 3197 vero
527 3139 604 3208 duae,
625 3147 672 3196 sat
689 3140 753 3209 scih,
774 3142 900 3197 Μύκο
920 3143 975 3198 uni

368 3235 476 3312 Populo
495 3235 596 3312 quoi§§
617 3237 690 3295 ludet
702 3237 770 3313 plus
789 3240 858 3295 satis
878 3238 988 3314 darellll
1005 3241 1080 3313 petis
1100 3246 1172 3305 sunt,

372 3332 450 3404 Quae
470 3342 557 3392 noctes
577 3334 683 3409 diesque
701 3336 779 3391 omni
796 3336 826 3391 in
846 3342 932 3393 aetate
950 3346 1053 3411 semper

371 3430 529 3503 Ornantur,
551 3432 691 3503 laeander,
711 3439 862 3508 tergeretur,
877 3433 1093 3508 potienturfllll

206 3712 211 3721 Ι
241 3640 256 3671 *
269 3638 411 3724 Mulier-eea,
424 3638 607 3722 ¹pronounced
622 3638 772 3708 milyerem5
789 3639 845 3705 deo,
860 3653 876 3691 a
892 3639 1087 3708 monosyllable
1105 3639 1170 3692 here
1190 3640 1244 3693 and
1261 3640 1351 3693 below

205 3726 317 3841 llll
327 3709 542 3846 tillidi*
551 3710 788 3833 littttte
800 3780 921 3832 saraa.

239 3852 255 3915 Ι
269 3850 376 3903 Second
388 3851 480 3904 Paeon
494 3851 521 3903 in
534 3849 608 3902 third
621 3850 706 3917 place,
719 3849 807 3902 unless
819 3864 861 3902 we
873 3864 1032 3917 pronounce
1043 3854 1160 3919 stryeras.

240 3922 254 3985 l
270 3920 333 3973 The
346 3920 426 3972 MSS.
439 3920 507 3972 have
519 3921 590 3971 modo
602 3918 646 3972 tor
657 3919 733 3972 domi.
843 3924 854 3984 ll
870 3920 1050 3972 Contraction
1063 3920 1107 3973 tor
1117 3923 1329 3974 concessavimas.

240 3990 263 4045 b
278 3990 345 4042 Last
356 3990 466 4057 syllable
478 3989 511 4042 of
519 3989 628 4042 ancittae
639 3995 687 4041 cut
699 3988 742 4041 off
752 3987 848 4041 before
858 4008 910 4042 eae.
948 3990 999 4042 See
1012 3991 1068 4043 also
1081 3997 1147 4043 next
1159 3991 1221 4043 line.

241 4059 274 4092 *³*
293 4060 413 4123 Elateia,
431 4058 609 4127 pronounced
627 4074 657 4111 as
678 4076 694 4111 a
711 4058 867 4127 trisyllable,
884 4060 1004 4126 elabendo,
1024 4060 1077 4113 and
1098 4060 1164 4114 then
1183 4077 1226 4115 we
1246 4061 1314 4115 have
1334 4077 1350 4114 a

204 4129 306 4183 second
320 4129 413 4182 Paeon
429 4130 455 4180 in
469 4128 517 4181 the
529 4128 602 4181 third
615 4129 700 4196 place,
713 4129 803 4181 unless
815 4146 857 4182 we
868 4145 1028 4198 pronounce
1040 4142 1137 4201 aproni.

236 4200 273 4259 ††
287 4200 364 4252 lonic
377 4215 392 4250 a
404 4200 518 4251 minore.
644 4198 678 4265 ΣΙ
691 4198 855 4253 Pronounce
867 4200 983 4269 mttyere.

238 4271 271 4336 ὁὸ
292 4269 369 4322 ionic
381 4285 397 4320 a
410 4270 524 4332 minore,
537 4267 625 4321 unless
637 4284 679 4322 we
694 4269 759 4323 read
770 4268 850 4339 poplo.

242 4345 269 4405 ΙΙΙΙ
290 4339 397 4392 Second
410 4339 502 4391 Paeon
519 4339 544 4389 in
557 4338 630 4391 third
662 4340 727 4392 lace.

236 4410 283 4465 ‘fl'
299 4410 376 4462 ionic
389 4426 403 4461 a
418 4410 522 4461 minore
536 4408 561 4459 in
575 4408 622 4461 thc
637 4355 728 4461 sstrrtlr
743 4410 827 4477 place,
841 4411 929 4463 unless
943 4428 983 4464 wc
996 4427 1155 4479 pronounce
1167 4411 1311 4481 peninar.
