3022 5498
210 344 251 408 68
542 344 693 403 ninum
722 310 1025 402 nrosramnnr'n.

259 533 319 593 ΤΗ.
348 528 438 618 Qin
471 548 531 613 ego
564 531 633 613 ipse
670 539 703 592 et
736 528 934 592 Philolaches
973 530 1006 589 in
1043 525 1172 608 publico
1205 525 1311 585 omnis

248 718 254 727 Ι
342 640 483 722 porticus

210 749 322 814 Sumus
344 752 532 813 commensi.
584 753 644 812 ΤΗ.
668 748 757 837 Qid
779 750 901 832 igitur?
951 752 1010 811 ΤΗ.
1035 748 1143 829 honge
1165 747 1310 807 omniurn

343 862 539 945 longissuma
560 870 619 923 est.
897 946 899 950 μ

259 977 320 1036 ΤΗ.
342 971 387 1036 Di
411 970 622 1055 immortales,
642 971 847 1035 mercimonii
869 969 984 1053 lepidi!
1017 969 1078 1055 [Si]
1102 969 1207 1031 hercle
1228 986 1313 1030 nunc

341 1082 423 1146 ferat

211 1193 271 1258 Sex
294 1194 417 1257 talenta
438 1213 555 1276 magna
575 1195 702 1276 argenti
724 1212 782 1276 pro
803 1193 877 1256 istis
899 1193 1127 1275 praesentaria,
1318 1209 1357 1252 10

212 1304 400 1387 Numquam
426 1306 595 1388 accipiam.
664 1308 725 1367 ΤΗ.
755 1303 788 1367 Si
815 1301 920 1365 hercle
946 1304 1091 1385 accipere
1114 1302 1232 1385 cupias,
1256 1318 1314 1383 ego

343 1433 514 1496 numquam
536 1416 650 1477 sinam

260 1532 321 1591 ΤΗ.
353 1526 440 1590 Bene
461 1546 512 1589 res
534 1536 643 1589 nostra
665 1525 832 1588 conlocata
853 1533 902 1586 est
925 1526 1007 1586 istoc
1029 1524 1251 1587 mercimonio.

261 1642 321 1702 ΤΗ.
354 1637 413 1701 Me
447 1657 572 1700 suasore
610 1645 705 1718 atque
746 1634 907 1719 inpulsore
942 1635 975 1697 id
1009 1635 1129 1697 factum
1167 1635 1315 1697 audacter

343 1750 458 1833 dicito,

214 1859 280 1945 Qi
303 1860 424 1942 subegi,
447 1858 577 1920 faenore
600 1866 769 1941 argentum
791 1857 831 1920 ab
853 1856 980 1920 danista
1002 1866 1037 1919 ut
1060 1866 1211 1940 sumeret,

213 1969 308 2059 Qod
345 1970 401 2031 isti
438 1968 584 2031 dedimus
621 1969 776 2031 arraboni.
870 1970 930 2029 ΤΗ.
969 1966 1142 2030 Servavisti
1186 1985 1315 2030 omnem

344 2088 456 2141 ratem.
1321 2096 1360 2161 15

215 2191 345 2273 Nempe
367 2191 534 2270 octoginta
556 2189 710 2252 debentur
733 2188 806 2250 huic
827 2190 960 2252 minae?
1021 2193 1079 2251 ΤΗ.
1103 2187 1199 2251 Haud
1220 2209 1317 2252 numo

343 2300 491 2384 amplius.

259 2415 318 2474 ΤΗ.
348 2410 457 2474 Hodie
483 2412 633 2494 accipiat.
703 2414 762 2474 ΤΗ.
795 2409 845 2473 Ita
872 2413 1047 2494 enimvero,
1071 2432 1111 2474 ne
1134 2431 1197 2494 qua
1219 2432 1313 2475 causa

344 2524 478 2606 supsiet,

216 2632 275 2696 Vei
298 2633 378 2695 mihi
401 2633 630 2714 denumerato3
661 2650 721 2713 ego
743 2632 793 2692 illi
818 2651 910 2715 porro
931 2632 1188 2695 denumeravero

167 2776 174 2783 ·
262 2747 323 2807 ΤΗ.
351 2745 395 2806 At
420 2745 508 2806 enim
532 2762 573 2805 ne
593 2743 669 2825 quid
689 2744 834 2826 captioni
856 2744 936 2805 mihi
957 2746 1013 2827 sit,
1032 2746 1059 2805 si
1082 2742 1223 2805 dederim
1244 2742 1315 2804 tibi.

263 2859 323 2920 ΤΗ.
365 2854 475 2937 Egone
516 2864 550 2917 te
590 2853 695 2916 ioculo
732 2853 827 2916 modo
867 2856 971 2916 ausim
1008 2854 1096 2917 dicto
1136 2868 1190 2915 aut
1232 2852 1318 2915 facto

345 2965 480 3028 fallere?
1320 2985 1360 3031 20

263 3082 323 3145 ΤΗ.
347 3075 447 3158 Egon'
464 3095 521 3159 aps
544 3086 577 3138 te
599 3077 703 3138 ausim
725 3094 790 3137 non
811 3095 936 3158 cavere,
954 3094 995 3138 ne
1015 3075 1091 3157 quid
1115 3077 1317 3138 committam

345 3185 408 3246 tibi
422 3185 434 3246 ?

253 3420 278 3467 8.
314 3414 430 3464 Summus
444 3411 563 3476 BaCDa,
576 3427 609 3464 an
623 3411 731 3465 evident
744 3411 867 3464 biunder.

253 3503 279 3550 9.
315 3484 342 3535 Si
360 3482 448 3549 hercle,
466 3498 497 3535 so
516 3481 624 3535 Camer.
678 3482 742 3534 The
761 3482 841 3535 MSS.
859 3482 928 3534 omit
949 3483 984 3548 Si,
1003 3483 1056 3536 and
1078 3484 1099 3536 it
1122 3485 1152 3551 is,
1170 3484 1293 3551 perhaps,
1313 3492 1362 3537 not

218 3569 370 3621 necessary.
475 3554 636 3618 mercimonii,
649 3568 680 3605 so
691 3551 739 3604 the
752 3552 832 3604 MSS.

256 3642 296 3677 11.
331 3625 463 3692 accipiam,
485 3639 516 3675 so
538 3623 646 3675 Camer.
699 3622 801 3675 BCDF
826 3622 894 3675 have
917 3625 1043 3692 accipiem‚
1066 3624 1155 3677 which
1179 3641 1241 3693 may
1266 3625 1300 3677 bc
1325 3642 1359 3677 an

217 3695 325 3748 ancient
341 3692 423 3745 form.
476 3693 571 3759 Again,
584 3696 668 3761 cupias
682 3693 790 3745 Camer.
843 3695 922 3761 eripies
939 3693 986 3746 the
1000 3694 1081 3747 MSS.
1187 3696 1214 3747 Si
1230 3696 1361 3760 hercle,so

217 3765 264 3818 the
277 3762 399 3885 MSSboi
409 3762 503 3831 Pylad.
551 3762 688 3815 Thebest
701 3762 781 3815 MSS.
791 3777 837 3815 are
850 3770 971 3830 corrupt.
1025 3766 1116 3817 Sierere
1129 3764 1160 3818 B.
1215 3767 1242 3817 Si
1253 3777 1317 3817 erere
1330 3766 1363 3817 C.

218 3836 246 3887 Si
256 3845 335 3887 erecte
377 3872 384 3886 .

255 3921 296 3956 12.
332 3902 459 3955 conlocata
472 3902 534 3954 BD.

256 3991 296 4037 13.
331 3971 527 4040 iipulsaressc.
581 3971 705 4041 inpulsore
717 3973 754 4025 D.
887 4002 902 4033 d

256 4047 297 4096 16.
333 4044 399 4094 mine
411 4041 444 4093 C.
549 4043 714 4094 haunummo
727 4042 788 4095 CD.
841 4044 1055 4097 haunummoBa.
1094 4064 1097 4069 ·

256 4131 296 4177 19·
332 4114 374 4177 sit,
387 4110 644 4163 sossrscorreeted
657 4111 692 4178 by
705 4127 739 4163 an
751 4112 798 4164 oid
810 4112 891 4165 hand.
944 4114 988 4166 sed
999 4114 1111 4166 BCDF.

255 4200 297 4235 ao.
333 4192 357 4232 te
377 4179 454 4233 ioculo
475 4181 518 4233 Bb
539 4181 592 4233 and
614 4181 661 4234 the
684 4181 764 4235 MSS.
785 4181 818 4234 of
839 4182 933 4250 Pylad.
987 4195 1010 4235 te
1030 4183 1108 4237 loculo
1131 4184 1259 4237 BaDFZ.
1314 4186 1363 4237 celo

141 4266 146 4275 '
217 4253 269 4306 culo
282 4252 315 4304 C.

255 4341 296 4444 2¹1³.
333 4340 425 4374 cavere
449 4320 525 4399 nei*
550 4320 603 4374 and
633 4321 681 4376 the
706 4321 786 4375 MSS.
811 4321 844 4374 of
871 4323 963 4392 Pytad.
1030 4344 1122 4378 carere
1147 4329 1173 4377 ni
1197 4325 1284 4391 BCD,
1309 4326 1361 4378 and

217 4411 248 4446 so
296 4431 303 4445 .
