3022 5498
205 380 248 458 46
535 380 689 442 PLAVTI
718 380 1023 442 MOSTELLARIA.

205 564 303 628 Obici
325 572 492 647 argentum
514 566 557 628 ob
577 584 614 628 os
637 565 780 648 impurae
802 564 925 627 beluae.

252 679 312 739 Tm
335 674 487 741 Inbeam?
557 680 618 739 TR.
641 675 717 739 Iube
740 677 866 739 homini
888 684 1021 758 argento
1043 695 1080 740 os
1102 679 1309 742 verberarier.

247 791 316 855 DA.
341 786 497 852 Perfacile
520 806 579 870 ego
600 787 683 850 ictus
705 788 866 871 perpetior
888 802 1068 869 argenteon

251 902 312 961 ΤΗ.
338 898 434 985 Qod
464 897 544 960 illud
572 907 741 981 argentum
770 899 844 962 est?
913 902 976 963 ΤΚ.
1009 896 1185 963 Est—huic
1214 900 1309 963 debet

334 1008 536 1072 Philolaches
1310 1032 1353 1096 90

204 1121 345 1187 Paulum.
393 1125 455 1187 Tm
479 1120 704 1204 thillum?
752 1124 813 1185 Tre.
835 1119 939 1206 Qasi
961 1120 1171 1205 quadraginta
1193 1125 1308 1187 minas.

247 1238 317 1297 DA.
340 1232 396 1296 Ne
416 1252 494 1296 sane
514 1232 549 1295 id
569 1232 705 1296 multum
725 1251 876 1315 censeas3
898 1232 1027 1316 paulum
1048 1233 1082 1296 id
1100 1233 1230 1316 quidem
1249 1245 1308 1298 est.

253 1349 312 1409 ΤΚ.
339 1344 473 1410 Audin?
503 1344 643 1429 videtur,
665 1363 797 1429 opsecro
818 1344 935 1428 hercle,
959 1344 1105 1428 idoneus,

204 1456 344 1521 Danista
365 1457 420 1540 qui
443 1457 501 1540 sit,
522 1475 623 1540 genus
644 1455 728 1540 quod
751 1456 1033 1539 improbissumum
1055 1456 1128 1520 esti

250 1571 311 1632 ΤΗ.
337 1566 418 1631 Non
440 1586 500 1650 ego
521 1569 640 1654 [nunc]
663 1568 746 1631 istuc
768 1570 855 1650 curo,
876 1567 930 1650 qui
952 1568 1009 1651 sit,
1031 1566 1115 1630 unde
1137 1568 1200 1629 sit:
1308 1585 1350 1654 95

203 1678 240 1743 Id
262 1678 337 1748 volo
359 1678 441 1741 mihi
464 1678 543 1762 dici,
565 1678 599 1742 id
621 1698 674 1742 me
695 1679 778 1742 scire
799 1686 932 1762 expeto:

204 1788 295 1852 Adeo
317 1789 418 1852 etiam
440 1790 566 1871 argenti
589 1787 703 1852 faenus
724 1788 884 1853 creditum
905 1786 1012 1852 audio.

205 1978 251 2032 sor
262 1977 351 2031 which
364 1993 406 2032 we
418 1976 475 2031 find
487 1977 514 2030 in
529 1978 587 2030 F-

416 2087 423 2102 .
461 2085 469 2101 .
506 2086 513 2101 .
549 2048 641 2102 hercle
659 2047 723 2101 iube
743 2051 754 2114 11
776 2047 867 2103 Obiici
883 2055 1036 2116 argentum.

205 2117 393 2185 andsoVulg.
428 2117 564 2171 Whas-

206 2258 232 2312 R
245 2259 293 2312 lm
417 2225 425 2243 .
462 2225 470 2243 .
507 2226 515 2244 .
551 2187 614 2242 iube
632 2188 714 2242 obiici
735 2191 747 2256 ΙΙ
767 2189 930 2256 Argentum,

417 2367 424 2384 .
461 2365 468 2383 .
505 2366 513 2384 .
548 2327 649 2396 hercle,
667 2335 697 2382 te
714 2328 786 2382 obici
808 2331 819 2395 11
842 2328 910 2382 lube
928 2327 991 2383 huic
1009 2334 1162 2396 argentum.

205 2398 438 2468 Camer.conj.-

418 2508 425 2524 .
461 2507 469 2524 .
505 2506 513 2523 .
548 2468 641 2523 hercle
658 2475 688 2522 te
706 2468 770 2522 iube
790 2472 801 2534 ΙΙ
823 2468 904 2522 Obici
921 2475 1065 2535 argentum
1083 2468 1156 2522 huic.

240 2567 284 2627 87.
319 2563 349 2616 ob
360 2582 386 2616 os
399 2565 514 2632 impurae
525 2561 736 2616 beluae-oborim
742 2574 826 2631 purae
836 2561 922 2615 beluae
934 2561 967 2615 B.
1014 2561 1070 2615 ebor
1081 2565 1183 2633 inpura
1195 2562 1275 2616 ebelue
1287 2565 1350 2619 CD.

202 2634 260 2687 huic
271 2633 301 2686 ob
313 2653 339 2687 os
352 2634 461 2687 Camer.
471 2632 550 2699 Vulg.

241 2708 284 2757 88.
320 2706 443 2757 labeum!
496 2703 554 2757 TR.
576 2703 636 2756 Iube
655 2703 757 2769 bomini,
778 2717 810 2755 so
831 2701 924 2772 Pyran.
945 2701 1017 2755 from
1041 2701 1082 2755 his
1104 2701 1185 2756 MSS.
1203 2703 1282 2770 Vulg.
1301 2704 1350 2758 W.

204 2774 315 2829 Iubeam.
369 2774 427 2828 Tr.
447 2774 507 2827 Iube
525 2776 553 2827 in
571 2775 669 2827 bomine
687 2772 728 2826 Ba
749 2771 835 2842 (iuben
853 2773 948 2825 homins·
967 2770 1034 2841 Bb).
1088 2772 1213 2826 Iubeam?
1247 2774 1306 2827 Iube
1322 2776 1349 2827 in

203 2844 298 2898 homini
316 2844 394 2898 CDa.
449 2844 473 2896 R
493 2844 541 2897 has
558 2844 627 2913 Quid
641 2844 760 2896 iubeam?
812 2842 871 2895 TR.
893 2843 958 2895 Huic
976 2843 1072 2896 bomini
1088 2853 1195 2913 argento
1213 2862 1239 2896 os
1258 2845 1349 2897 verbe-

203 2916 342 3037 {mss
410 2925 516 2984 argento
539 2932 574 2980 os,
595 2928 626 2966 so
646 2913 719 2966 Pius,
772 2922 904 2982 argemos
926 2912 959 2967 B.
1014 2923 1145 2983 argenteos
1168 2912 1217 2967 the
1241 2921 1298 2967 rest
1319 2913 1352 2967 of

236 3000 252 3037 e
345 3023 352 3038 .

240 3072 283 3120 90.
328 3054 352 3106 R
375 3054 493 3120 changes
513 3053 561 3107 the
582 3051 710 3122 ordinary
727 3058 918 3119 arrangement
939 3051 972 3105 of
988 3052 1037 3106 the
1056 3053 1124 3107 lines
1141 3053 1213 3107 aster
1233 3058 1275 3120 89,
1294 3053 1349 3107 and

203 3123 293 3192 praees
310 3123 388 3177 them
405 3140 434 3177 as
452 3123 557 3176 follows
565 3139 651 3206 τ-93,
671 3141 714 3187 94,
733 3139 776 3189 99,
794 3125 837 3189 96,
854 3140 897 3189 99,
915 3140 958 3189 99,
976 3141 1019 3205 99,
1037 3138 1080 3189 97,
1097 3128 1140 3190 98,
1156 3129 1214 3190 11⁸,
1231 3142 1288 3189 11⁹,
1304 3142 1348 3190 99·

202 3205 337 3263 argentum
348 3205 394 3247 est.
448 3194 507 3247 Tr.
525 3194 643 3245 Esthuic
658 3193 745 3246 BCD.
781 3191 844 3246 The
858 3192 936 3259 Vulg.
952 3200 1034 3246 omlis
1051 3193 1099 3246 the
1116 3194 1219 3247 second
1232 3205 1278 3260 est,
1293 3193 1348 3247 and

203 3279 234 3317 so
249 3263 322 3329 RW,
335 3264 382 3316 the
395 3263 499 3315 former
509 3263 617 3329 writing
628 3264 705 3330 huice,
717 3263 765 3316 the
778 3263 859 3317 latter
870 3264 945 3316 huiic.

239 3352 282 3400 91·
319 3334 454 3387 Paululum
467 3333 498 3386 Β.

239 3422 283 3470 92.
333 3405 422 3457 aulum
436 3403 572 3471 idquidem
586 3413 632 3457 est.
667 3403 745 3456 BCD
758 3403 817 3469 give
829 3402 883 3456 this
894 3410 925 3457 to
937 3403 1054 3458 Tranio.
1090 3404 1199 3458 Camer.
1214 3403 1347 3471 Vulg.W

201 3474 289 3542 assign
333 3474 450 3528 ewhole
462 3490 539 3527 verse
551 3480 582 3526 to
593 3473 641 3528 the
654 3474 777 3527 Danista.
815 3472 937 3527 Rhas-

272 3572 317 3626 π).
342 3571 456 3624 Paulum
474 3570 502 3623 id
520 3570 632 3639 quidem
650 3572 712 3624 est?
765 3573 808 3623 Tr.
832 3568 876 3622 Ne
893 3585 958 3622 sane
977 3568 1005 3623 id
1023 3569 1137 3623 multum
1155 3585 1276 3623 censeas.

236 3683 279 3732 93.
316 3667 402 3720 Audin
427 3666 531 3719 videtur
554 3665 657 3718 BCDF
660 3666 682 3718 Z
713 3663 800 3734 (Audi
825 3665 957 3719 invidetur
981 3663 1029 3734 C).
1102 3665 1190 3718 Audin
1214 3665 1348 3718 videturne

201 3736 402 3876 caxenqgrplsgt·
416 3736 491 3860 ἓν.
520 3806 625 3875 quidsi!
640 3804 728 3859 BCD.
821 3804 1041 3875 inprobissumm
1054 3804 1087 3858 B.
1134 3805 1347 3874 improbissimum

198 3875 357 4067 thgsliesgpo
383 3943 481 4015 [nune],
505 3959 536 3997 so
562 3943 597 3998 R.
667 3963 732 3997 nunc
755 3944 778 3997 is
801 3944 917 3998 omitted
943 3921 970 3997 in
991 3943 1039 3999 the
1063 3943 1145 3998 MSS.
1215 3963 1280 3997 nunc
1302 3962 1347 4013 ego

200 4014 282 4151 βῗὲ.
315 4054 349 4138 1)
370 4084 428 4136 volo
452 4085 515 4137 mihi
538 4084 588 4136 dici
617 4082 665 4136 the
695 4083 776 4138 MSS.
800 4082 855 4138 and
879 4082 966 4150 Vulg.
991 4089 1090 4152 except
1119 4082 1180 4137 that
1210 4083 1233 4140 C
1264 4082 1347 4135 omits

196 4157 268 4210 mibi.
322 4155 362 4207 W
383 4155 430 4207 has
454 4153 523 4206 Illud
541 4153 600 4206 volo
623 4154 674 4207 dica·
696 4155 768 4208 mihi.
823 4153 847 4205 R
870 4156 993 4208 rewrites
1016 4153 1064 4207 the
1089 4154 1153 4220 line,
1174 4154 1208 4206 ld
1226 4152 1285 4205 volo
1309 4154 1346 4205 mi

196 4226 384 4362 nexumssto
395 4310 483 4348 seems
495 4301 526 4348 to
537 4293 573 4347 be
585 4292 632 4346 the
645 4293 756 4361 reading
770 4293 803 4346 of
814 4294 902 4348 BCD.
952 4294 994 4346 Ab
1005 4313 1031 4346 eo
1045 4293 1067 4345 F
1070 4292 1143 4346 ZW.
1244 4293 1346 4362 argenti

187 4366 280 4433 foenus
299 4367 420 4419 creditum
441 4365 462 4417 F
466 4366 498 4418 Z.
551 4366 653 4433 argenti
662 4365 742 4432 fenus
761 4366 839 4419 credit
858 4363 945 4430 BCD,
963 4363 1028 4417 with
1047 4379 1063 4416 a
1080 4363 1157 4417 small
1176 4378 1257 4432 space
1275 4361 1347 4416 aster

195 4437 275 4489 credit
289 4439 316 4489 in
329 4436 361 4491 B.
407 4436 504 4501 faenus
519 4436 641 4488 creditum
654 4437 755 4505 argenti
772 4434 806 4490 R.
