3022 5498
428 911 432 921 ,
503 856 637 915 ACTVS
667 858 702 914 V.
754 858 888 918 SCENA
917 858 971 917 111.
1269 856 1308 942 89

162 1037 259 1101 Hanc
283 1058 379 1101 unam
403 1043 534 1104 noxiam
557 1062 666 1127 unam,
688 1063 816 1127 quaeso,
838 1045 888 1108 fac
911 1064 1005 1108 causa
1026 1063 1107 1107 mea
1266 1060 1309 1129 55

210 1156 271 1215 ΤΚ.
301 1151 390 1238 Qid
418 1157 584 1236 gravaris?
643 1155 745 1243 Qasi
776 1175 842 1219 non
868 1177 937 1220 cras
963 1158 1029 1219 iam
1051 1173 1265 1219 commeream

289 1265 388 1328 aliam
412 1267 561 1329 noxiam:

160 1373 210 1437 Ibi
233 1362 412 1460 ¹utrumque,
434 1386 468 1439 et
490 1379 549 1441 hoc
571 1386 604 1440 et
628 1377 719 1461 illud,
742 1379 862 1461 poteris
884 1379 997 1441 ulcisci
1020 1379 1125 1462 probe.

207 1490 267 1549 CA.
301 1485 378 1549 Sine
413 1496 447 1550 te
480 1506 618 1550 exorem.
689 1493 749 1551 ΤΗ.
789 1489 869 1573 Age,
898 1489 1002 1570 habe,
1037 1490 1090 1551 abi
1121 1489 1261 1573 inpune!

288 1597 389 1682 Hem,
411 1600 486 1662 huic
508 1600 624 1663 habeto
646 1601 791 1681 gratiam.

159 1710 370 1796 spectatores,
393 1711 500 1775 fabula
522 1713 600 1776 haec
621 1723 671 1776 est
693 1723 786 1775 acta:
815 1732 873 1776 vos
896 1713 1039 1796 plausum
1061 1713 1145 1776 date.

197 2043 239 2090 55.
276 2027 312 2079 So
329 2024 454 2092 BCD‚B
474 2025 572 2092 having
589 2045 668 2094 queso.
722 2027 1085 2080 Hancmodonoxiamunam
1097 2047 1185 2097 quaeso
1198 2031 1304 2082 masam

154 2096 205 2162 sac
219 2097 253 2151 R.
307 2097 381 2149 Hanc
393 2097 464 2148 modo
477 2115 554 2150 unam
566 2117 646 2150 noxae
657 2098 761 2150 veniam
773 2097 917 2164 qnaesofac
930 2097 1011 2150 Both.
1021 2098 1069 2152 W.

197 2170 239 2231 ⁵⁶·
275 2185 322 2220 non
340 2185 399 2219 cras
416 2169 479 2234 iam,
498 2184 529 2219 so
548 2169 665 2234 Camer,
684 2168 737 2220 and
755 2166 809 2220 this
827 2168 849 2220 is
866 2167 914 2221 the
932 2168 1076 2221 corrected
1094 2169 1206 2235 reading
1223 2168 1256 2222 of
1271 2169 1303 2235 B,

159 2261 248 2313 which
272 2261 319 2314 has
343 2281 391 2314 non
411 2244 478 2345 {fras
501 2265 564 2316 iam.
627 2282 675 2316 non
683 2265 776 2332 gratia
800 2263 858 2316 CF.
920 2283 968 2318 non
987 2248 1068 2334 ngm
1091 2265 1127 2318 D.
1184 2266 1303 2333 gratiam

159 2332 253 2467 '1⁰22‘-
274 2402 315 2455 Ibi
326 2413 354 2454 tu
366 2413 497 2472 utrumque
510 2403 544 2470 R,
557 2403 606 2456 but
619 2413 647 2456 tu
660 2404 681 2457 is
694 2410 742 2457 not
755 2403 782 2455 in
795 2404 842 2456 the
855 2403 936 2458 MSS.

195 2477 237 2537 58.
275 2474 339 2541 Age,
351 2473 404 2540 abi,
416 2475 460 2527 abi
477 2474 527 2527 Bb.
582 2477 646 2544 Age,
664 2474 818 2529 ab..with
837 2490 871 2526 an
890 2490 999 2528 erasure
1019 2475 1067 2529 Ba.
1122 2477 1179 2544 Age
1195 2475 1242 2529 abe
1259 2475 1303 2529 abi

158 2543 225 2666 gDR
278 2547 342 2612 Age,
362 2544 433 2612 habe,
454 2545 498 2598 abi
519 2545 616 2599 FZW.
720 2564 759 2597 em
784 2544 817 2605 B.
870 2546 926 2598 hem
947 2545 994 2599 the
1019 2552 1075 2599 rest
1099 2545 1132 2599 of
1152 2546 1199 2599 the
1221 2545 1302 2601 MSS.
