3022 5498
218 384 261 448 54
550 365 701 427 PLAVTI
731 367 1035 429 MOSTELLARIA.

218 548 305 613 Vino
328 560 361 613 et
384 552 486 633 victu,
509 553 632 635 piscatu
656 553 765 636 probo,
787 553 923 637 electili,

218 659 329 723 Vitam
354 660 472 723 colitis.
540 665 601 725 ΤΚ.
631 660 702 724 Imo
725 663 794 724 vita
816 662 952 724 antehac
975 670 1066 743 erat;

218 769 319 835 Nunc
341 771 435 834 nobis
457 774 570 834 omnia
593 773 671 836 haec
694 773 890 836 exciderunt.

262 885 311 945 Sr.
338 881 507 968 Qidum?
567 888 626 947 TR.
654 883 706 946 lta
727 884 845 968 oppido
866 884 1045 953 occidimus
1067 903 1190 967 omnes,
1210 883 1308 948 Simo.

262 997 311 1057 Sr.
342 994 423 1057 Non
457 996 573 1059 taces?
626 994 778 1079 Prospere
812 997 903 1060 vobis
941 1013 1058 1059 cuncta
1092 1016 1189 1078 usque
1222 997 1323 1059 adhuc

348 1122 577 1189 processerunt.
1322 1125 1365 1190 45

265 1223 325 1283 Tu.
356 1218 407 1282 lta
428 1229 463 1282 ut
485 1219 580 1303 dicis,
603 1220 690 1282 facta
711 1220 793 1283 haud
817 1240 919 1303 nego:
949 1241 1007 1284 nos

217 1332 364 1395 Profecto
386 1334 495 1417 probe,
515 1343 550 1396 ut
573 1335 744 1418 voluimus,
765 1336 925 1417 viximus,

216 1442 288 1525 Sed,
308 1443 408 1527 Simo,
430 1445 479 1506 ita
501 1463 587 1507 nune
609 1461 723 1507 ventus
746 1464 862 1507 navem

216 1552 377 1617 Deseruit.
445 1557 494 1616 Sr.
521 1554 609 1641 Qid
632 1556 705 1619 est?
749 1554 823 1641 Qu
845 1554 964 1618 modo?
1035 1558 1095 1618 ΤΚ.
1126 1554 1285 1617 Pessumo.

260 1668 311 1730 Sr.
340 1664 474 1751 Qaene
498 1666 651 1729 subducta
674 1677 741 1730 erat
764 1678 835 1730 tuto
858 1669 893 1728 in
915 1667 1022 1729 terra?
1322 1685 1364 1750 50

264 1781 323 1841 ΤΚ.
355 1777 442 1841 Hei!
503 1782 551 1840 S1.
580 1777 666 1864 Qid
690 1781 763 1842 est?
826 1784 886 1841 TR.
912 1779 971 1841 Me
996 1779 1166 1843 miserum!
1193 1777 1318 1842 occidi!

347 1891 396 1952 Sr.
424 1889 515 1974 Qi?
586 1894 646 1953 Tn.
674 1890 762 1977 Qria

217 1998 317 2062 Venit
341 2002 447 2083 navis,
470 2011 599 2064 nostrae
622 2003 697 2063 navi
720 2021 800 2083 quae
822 2001 948 2084 frangat
972 2009 1084 2064 ratem.

260 2113 309 2176 Sr.
340 2109 462 2196 Velim,
485 2122 519 2175 ut
547 2121 582 2174 tu
608 2112 720 2197 velles,
743 2112 878 2175 Tranio.
922 2111 982 2176 Sed
1007 2112 1082 2195 quid
1109 2121 1158 2176 est
1185 2114 1319 2195 negoti?

349 2228 410 2289 TR.
443 2224 587 2307 Eloquar.

216 2336 323 2399 Herus
345 2355 473 2420 peregre
495 2338 598 2399 venit.
664 2339 713 2400 S1.
740 2336 835 2400 Tune
862 2338 938 2424 [tibi
961 2339 1119 2423 actutum]
1147 2341 1222 2400 chor
1247 2338 1315 2423 [da]

345 2447 499 2530 tenditur,

252 2744 294 2790 41.
333 2727 394 2779 Vmo
404 2736 429 2778 et
441 2729 521 2789 victu,
534 2726 624 2780 sothe
638 2726 718 2779 MSS.
773 2726 811 2777 W
824 2726 905 2779 omits
916 2736 949 2778 et.

252 2814 295 2861 4²·
332 2799 413 2848 Immo
425 2799 485 2850 vita
502 2797 559 2849 FZ.
615 2800 738 2850 immovit
754 2796 873 2851 BacDa.
927 2799 1008 2849 Immo
1023 2806 1052 2847 ut
1068 2796 1168 2849 BbDb.
1222 2798 1303 2849 Immo
1320 2799 1359 2850 ita

144 2902 147 2906 Δ
214 2886 245 2920 ea
273 2868 353 2920 uidem
367 2867 414 2920 W.

251 2886 294 3003 4q3.
330 2938 398 2990 nobis
416 2940 509 3003 omnia,
528 2955 559 2991 so
574 2938 668 3006 Pylad.
682 2939 791 2991 Camer.
844 2937 912 2990 nobis
931 2939 1072 2990 communia
1090 2936 1137 2988 the
1157 2936 1237 2990 MSS.
1291 2937 1358 2991 nobis

211 3010 298 3062 simitu
310 3010 394 3061 omnia
408 3009 506 3060 Herm.
521 3010 555 3061 R.
608 3009 675 3061 nobis
688 3009 773 3060 omnia
785 3009 846 3060 haec
856 3008 1000 3060 exciderunt
1011 3007 1090 3059 simul
1101 3006 1147 3060 W.

248 3098 291 3143 44.
326 3080 366 3130 hic
378 3080 462 3148 oppido
476 3080 565 3131 Herm
579 3078 613 3145 R,
625 3079 674 3131 but
686 3080 726 3131 hic
739 3079 760 3130 is
773 3085 822 3130 not
837 3079 863 3130 in
877 3078 923 3130 the
937 3078 1017 3130 MSS.

250 3166 293 3213 45,
307 3153 349 3215 46,
363 3166 405 3212 47.
442 3150 497 3202 We
516 3150 583 3203 have
602 3149 734 3214 arranged
749 3149 826 3201 these
844 3149 911 3200 lines
928 3149 1034 3216 exaetly
1047 3164 1076 3200 as
1093 3146 1157 3215 they
1171 3164 1271 3216 appear
1284 3149 1311 3200 in
1326 3148 1357 3201 B.

214 3220 322 3272 Camer.
336 3220 425 3286 places
439 3232 612 3288 processerunt
629 3227 657 3272 at
674 3220 722 3270 the
739 3225 977 3271 commeneement
993 3218 1025 3271 of
1039 3236 1064 3271 v.
1078 3235 1121 3284 47,
1136 3218 1189 3270 and
1204 3237 1247 3271 nos
1265 3226 1294 3271 at
1310 3218 1358 3272 the

213 3298 453 3343 commeneement
465 3290 497 3342 of
509 3308 533 3343 v.
547 3296 589 3355 48,
603 3290 656 3343 and
669 3291 690 3341 is
703 3289 828 3342 followed
842 3289 876 3357 by
892 3290 969 3355 Vulg.
984 3289 1058 3341 RW.

249 3366 292 3424 48,
306 3379 349 3424 49,
363 3378 405 3426 5ο,
420 3378 461 3426 51,
476 3379 517 3425 5²·
556 3362 633 3413 Here
645 3360 721 3426 again
735 3376 777 3412 we
790 3360 857 3413 have
869 3360 996 3412 followed
1009 3361 1057 3412 the
1072 3366 1262 3425 arrangement
1278 3359 1310 3411 ol
1325 3359 1356 3412 B.

212 3431 250 3481 W
264 3431 353 3498 places
365 3450 460 3483 navem
472 3440 499 3484 at
512 3431 559 3485 the
572 3431 717 3498 beginning
732 3430 763 3484 ol
776 3449 800 3483 v.
815 3449 856 3497 50.
912 3430 936 3481 R
950 3431 1059 3498 departs
1074 3430 1154 3482 much
1169 3446 1245 3483 more
1259 3431 1356 3499 widely

212 3501 284 3555 from
297 3501 343 3554 the
357 3502 528 3555 distribution
542 3502 573 3555 oi
587 3502 619 3556 B.

249 3578 292 3637 48.
328 3584 418 3625 ventus
431 3593 534 3639 navem,
547 3574 637 3626 sothe
650 3573 731 3625 MSS.
783 3582 874 3625 ventus
887 3591 981 3624 nauem
994 3570 1156 3623 nostrnmR.

250 3662 292 3708 50.
328 3645 437 3713 Quaene,
450 3661 480 3697 so
493 3644 586 3715 Pylad.
601 3645 624 3694 V
627 3645 678 3709 ulg
693 3643 766 3696 Ru.
820 3645 892 3712 Quae
904 3662 945 3694 nec
959 3642 1044 3693 BCD.

250 3733 292 3779 51.
327 3734 349 3767 er
345 3715 450 3768 '.BCD
556 3717 740 3780 Memiserum,
753 3714 843 3766 sothe
857 3714 937 3765 MSS.
991 3713 1045 3765 Heu
1058 3712 1276 3765 menriserumR.

250 3804 292 3850 5²·
329 3787 456 3838 nostreC.

250 3873 292 3920 53.
330 3857 416 3921 Velim,
438 3873 468 3908 so
490 3856 536 3908 the
560 3856 639 3908 MSS.
696 3855 784 3907 lellem
807 3853 887 3907 Both.
910 3854 943 3906 R.
1050 3864 1079 3906 ut
1099 3865 1127 3906 tu
1147 3853 1232 3918 velles,
1254 3869 1285 3905 so
1309 3853 1356 3905 the

214 3951 294 4004 MSS.
342 3963 370 4003 ru
382 3952 500 4004 omitted
515 3953 540 4004 in
555 3952 633 4017 Vulg.
644 3952 690 4003 W.
797 3952 888 4004 Tranio
900 3951 944 4002 sed
954 3950 1060 4017 quidest
1074 3950 1130 4000 FZ.
1185 3952 1305 4002 ‘l'rrrnnios
1315 3922 1357 4002 ξπ

212 4020 260 4075 Ba.
315 4024 436 4074 ‘Tranm'os
488 4033 526 4074 est
546 4022 611 4074 with
633 4039 649 4075 a
669 4038 749 4089 space
770 4022 832 4075 CD.
938 4023 1031 4089 negocii
1052 4020 1099 4072 BF
1103 4021 1135 4073 L
1189 4024 1272 4088 negocr'
1293 4022 1355 4074 Cl).

210 4092 326 4159 Eloquar
338 4092 494 4146 RbuDFL
548 4094 668 4160 Eloquere
680 4093 727 4145 Ba
783 4092 868 4145 Rhas
880 4094 936 4160 Epo
947 4093 999 4159 elo
999 4111 1056 4143 erar.

247 4181 289 4227 54,
304 4180 346 4226 55.
383 4163 477 4216 These
495 4164 562 4216 lines
584 4180 684 4232 appear
702 4164 728 4215 in
748 4181 763 4218 a
783 4163 923 4217 mutilated
943 4162 1040 4215 sorni
1035 4180 1060 4215 m
1081 4162 1174 4215 BCD:
1201 4162 1226 4212 in
1248 4131 1269 4213 B
1289 4162 1353 4229 they

209 4233 287 4287 stand
300 4234 398 4286 thus-

280 4338 349 4391 Erus
363 4340 435 4419 rem—t
448 4356 561 4407 peregre
576 4342 656 4394 venit.
706 4343 739 4393 Si.
756 4342 837 4393 lune
878 4380 883 4392 .
922 4381 927 4391 .
966 4380 972 4392 .
1011 4379 1016 4390 .
1055 4379 1061 4390 .
1094 4340 1150 4390 tor
1162 4338 1284 4391 tenditur

282 4461 348 4515 lurle
361 4462 527 4516 ferriterium
541 4474 633 4530 postea
672 4504 854 4515 .....
893 4480 961 4515 enuu
975 4463 1098 4521 obsecro,
